5538 3977
811 477 1552 169 ⁋ Cõment le Roy de france fist coupper la teste

1000 589 945 150 a thierry Roy de portingal

1060 699 1372 288 t apres ce Le Roy de france

644 639 416 444 E

1087 947 1368 133 appella deuant luy tous ses prisonniers

652 1024 1797 142 Et les deliura tous franchement sans Rencon payer

656 1120 1826 122 et leurs donna congie deux en aler en leurs contreez

649 1196 1826 146 Mais aincois il leur fist iurer que iamais en leurs

672 1285 1800 153 uyez ne guerriroyent le Royaulme de france. Et sy

676 1385 1776 139 Iura le Roy angloys que toutez les uillez et citez

672 1468 1800 145 quil auoit conquisez ou Royaulme de france qͥ les

676 1574 1846 122 larroit quictement au Roy de France. Et tous les aultͤz

679 1650 1823 139 seigneurs iurerent et promisrent au Roy de frãce sur

689 1743 1823 136 le saint sacremẽt que iamais ilz ne luy feroyẽt guerre

692 1832 1800 133 ne Iamais ilz ne seroyent en ayde ne Resconfort au

686 1918 1836 136 conte de flandrez ne au Roy dangleterre. Et ainsy eulx

686 2001 1829 126 et tous les aultres furent deliurez et sen alerẽt chũn

686 2104 1809 119 en sa terre moult ioyeusemẽt Mais depuis en y eut

699 2187 1819 146 daulcuns qͥ se pariurerent et rompirent leurs sermẽs

884 2326 1624 156 ⁋ Cõme phelipez le long qui estoit filleul au

957 2425 1528 146 Roy de france Requist au Roy son parrin

1000 2518 1525 139 quil luy uoulsist donner ferrand le conte

1004 2618 480 142 de flandrez;

1159 2714 1386 381 helippez Le Roy de france apres

565 2690 569 521 P

2946 470 1852 139 quil eust ainsy deliure ses prisõniers sans Rencon payer

2949 550 1843 136 et quil eut fait decoller le Roy de portingal et regnault

2942 633 1787 119 le conte de boulongne et quil eut fait tenir pͥsonnier

2942 722 1810 133 ferrand le conte de flandrez qui fut frere au Roy de

2949 805 1773 126 portingal. Le Roy auoit ung filleul qͥ se nõmoit

2949 891 1786 129 pħez le long qui fut ame du Roy de france, Car

2949 980 1770 113 il estoit moult noble cheualier et estoit conte de

2956 1063 1819 146 senlis. Lequel auoit seruy le Roy plus de .xu. ans. et

2952 1156 1780 139 ⟦passez⟧ estoit cousin a ferrand conte de flandrez. Le

2949 1242 1790 133 quel phelippez le long fut moult dolent q̃ ferrand

2952 1328 1870 143 ainsy uilainemẽt empͥsonne. Le que se iecta a genoulx

2942 1428 1830 132 deuant son parrain le Roy phelippez et luy dist. Sire

2946 1511 1799 139 Pour dieu ie suis ur̃e filleul et ur̃e hõme et sy uous

2952 1610 1774 133 ay seruy plus de .xu. ans passez et mauez promis a

2956 1703 1796 129 faire moult de biens et pour ce ie uous supplye quil

2956 1792 1809 120 uous plaise a moy donner ung seul don sil uoꝰ uient

2942 1872 1833 126 a gre ou nom de filloulaige. Lors le Roy le fist leuer

2949 1978 1843 123 en piez et luy dist quil demanda tel don quil uouldroit

2949 2061 1793 116 et il lauroit sil estoit raisonnable. Parrain ce dist

2949 2154 1823 122 pħez le long ie uous demande ferrand le cõte de flãdrez

2946 2247 1780 129 et quil soit quictement deliure de ur̃e prison ainsy q̃

2956 2339 1793 126 uous auez deliurez les aultres pͥsõniers et uous seres

2949 2429 1773 122 de luy seruy et honnoure, et pour ce quil est ⟦s⟧  mon

2949 2518 1773 123 cousin frere de mon ayur. Ie uous supplye quil uous

2946 2604 1793 130 plaise a le moy donner en sante et en uye A donc le

2949 2697 1810 133 Roy pħez print moult fort a penser et au redresser

2952 2793 1797 166 il dist a son filleul qui luy amast mieulx a donner

4898 397 136 106 47
