5642 3977
560 503 1932 123 uous ny gaigneres. Car cest ung des fiers hõmez des chrestiẽs

600 606 1737 89 Et pour ce sire quil ma fait honte et uilenye Ie me suis

603 676 1760 92 courroucie a luy. car il ne prise nuluy qui soit uiuant

596 742 1804 109 tant est il orgueilleux. et a ses parollez il furent daccord

606 825 1774 99 que le soudan ou quatre mille hõmez istroiẽt de la uille

600 894 1790 130 et sembucherent prez dillecquez. et Iehan de haulte feulle

596 994 1784 109 sy ameneroit par traison par deuãt la uille Le conte

603 1057 1777 106 baudoin a peu de gens pour espier la uille Adonc sen

606 1146 1794 113 Retourna iehan par deuers lost. et en uint au‸ͯ tresz du

606 1219 1774 106 conte baudoin. et luy dist qui uenoit dentour la uille

603 1295 1787 123 de ihrl-m pour espyer par ou elle estoit la plus faible,

603 1388 1813 116 et dist au conte sire montez sur uostre cheual. et y alõs

573 1471 1916 106 Ueoir aux murs et aux foussez pour assaillir demain

590 1557 1786 116 Car pour uray les sarrasins sont dedens mal menez

596 1637 1790 99 Et le noble qui ne se doubtoit point de la trahison sen ala

613 1723 1770 106 a peu de gens aueucque Iehan de haulte feulle pour ueoyr

613 1792 1800 123 les murs et les fossez et ainsy cõme baudoin eust passe le pas

613 1885 1770 123 qui estoyt determine en la traison et quilz furent pres de

609 1965 1048 132 lembuche saillirent les sarrasins

924 2097 1476 159 ¶ Cõme le conte baudoin et ses gens par la

1014 2220 1352 129 traison du conte de bloys furent pris et

1020 2296 949 133 menez prisonniers en ihrl-m

964 2376 1433 278 donc le conte baudoin et ses

513 2691 1880 119 furent menez en la cite de ihrl-m. et au deuãt du soudan

984 2624 1402 116 gens furent pris et saisiz de toutez pars. et

606 2770 1790 126 sen uint saladin son filz qui luy demanda de la besongne

619 2853 1814 123 et cõme il auoit prins les chrestiens. Sy luy compta tout

606 2929 1807 169 le fait. et cõme Iehan de haulte feulle auoit trahy son

3099 434 1830 179 seigneur Par trahon dist saladin cest ung traitre puãt

3109 596 1763 90 Sire monstrez le moy car Iay grant desir de la uoyr. Et

3122 672 1800 103 sy uous plaist il ne uiura pas longuemẽt. et ne doit on poĩt

3116 739 1809 92 garder grãment ung traitre car une aultre foys bien noꝰ

3112 802 1787 102 trayroit cõme il a fait son seigneur. Et tantost le soudan

3102 878 1807 102 le liura a son filz qui presentemẽt luy fist coupper la teste

3102 951 1794 126 et fust pour son loyer de sa traison qu il auoit faite A dõc

3096 1040 1820 110 furent chrestiens moult esbahys. et sen retournerent en

3109 1110 1800 119 nauyre chascun en son pays. et gregeois et flammens

3106 1209 1753 93 furent moult courroucez dauoir perdu leur seigneur

3099 1269 1863 103 Apres ceste departye fust le conte de flandrez mol-t uilain-

3112 1365 1770 79 nement emprisonne. et .lx. barons qui estoient auec luy

3109 1421 1763 123 en laquelle prison si cõme il fust tesmõgne le conte de

3099 1504 1800 126 flandrez fust .xxu. ans acomplis. Et aprez ce q̃ le conte

3109 1584 1876 122 de flandrez eust este emprisonne ainsy. Bouqͣrt dauu̾gne

3116 1670 1849 99 a qui baudoin auoit lesse sa terre en garde et a gouuerner

3112 1743 1770 119 et ses fillez a marier fist tant quil eust la compaignye

3109 1819 1843 123 de marguerite la puis nee fille de baudoin et luy fist deux

3106 1895 1823 133 enfans qui estoyent filz dont il fust grandement blasme

3112 2001 1800 103 et Iehanne qui estoit laisnee garda son corps entierem̃t

3096 2064 1810 113 Et en celuy tempz il auoit en portingal ung noble Roy

3116 2147 1793 119 lequel trespasse qui auoit deux filz. lun fust nomme

3106 2230 1826 109 thierry. et laultre ferrant. et quant leur pere fut mort

3106 2316 1819 116 La mere dist a ferrant. Bieau filz cest raison q̃ thierri

3112 2392 1774 116 uostre aisne frere soit Roy de portingal. Ie uous prye et

3116 2475 1770 100 cõmande beau filz que uous ailliez en france deuant

3116 2548 1770 129 le Roy phelipez. et Ie luy supplyeray qu il uoꝰ face chl-r

3109 2644 1760 93 et uous retiengne deuers luy a sa court Et uous le

3112 2727 1784 106 seruires bien et loyaulment. Et de ce pourres mieulx

3948 2793 931 126 ¶ ualoir toute uostre uye;

3132 2873 1737 176 ¶ Cõmẽt ferrãt partit de portingal et sen uint en france

3212 2989 580 152 au Roy phelipez

4982 371 152 149 15
