5658 3977
676 371 1786 129 et au matin les flãmens se deslogerent et alerent a blangi. ¶ Et

676 454 1793 125 ainsi que les sõmiers qui estoient plus de cent passoiẽt ꝑ blangi

679 510 1826 132 leaue les surprint tres soudainement quil y eut bien .xx. sõmiers

679 589 1806 130 perdus et noyes et illec fut perdu le chief sains Iaques. Dont

676 666 1783 126 ilz furent moult dolens. Mais depuis il fut retrouue par la

679 735 444 103 grace de dieu

1020 815 1286 172 ¶ Cõment le conte de flandrez et de Iulliers

1120 944 819 116 arriuerent en gascongne

623 954 384 368 L

954 1037 1478 205 e conte de flandrez et le quenis de Iulliers

652 1282 1817 100 gascongne secourir le roy de france. ¶mais qui peussẽt uenir

961 1212 1458 100 cheuauchoient moult efforcement pour aler en

672 1355 1767 93 la. Les roys de france et d angleterre auoient prins treuez a

669 1408 1790 123 deux ans et trouuerent le Roy qui payoit ses soudoiers bien

672 1478 1797 109 et richement. Si le saluerent les deux contez de flandrez et

669 1541 1820 122 de Iulliers. et leur fist le Roy bel appel et leur demãda cõmẽt

672 1633 1794 106 il auoient fait sur les sarrasins et ilz luy conterent tout le

669 1686 1833 130 cõtiennement cõme le soudan auoit este desconfit. ¶et cõme ilz

669 1786 1863 96 auoient ordonne ung pape a Rõme. dont le Roy mercya dieu.

619 1852 1840 103 ¶ Le conte de flandrez et le duc de Iulliers parlerent au Roy

672 1935 1757 83 et luy dirent. Sire nous sõme en contens lun de laultre

666 1988 1803 119 d une chose que nous uous dirons. Il est uray dit le conte de

662 2077 1807 110 flandrez. que ie conquis corps a corps le soudan caquedent

666 2154 1806 89 et gaignay son escu au grant lyon rampant et len eusse

666 2227 1836 99 emporte quant les sarrasins me uindrẽt ẽclourre faulsem̃t

659 2290 1797 122 et me tollirent lescu et meussent occis. quant le quenis

662 2356 1810 116 de Iulliers que uees cy en present et les aultre barons me

662 2432 1804 119 uindrent secourir. ¶et occist le quenis de Iulliers l un des filz

662 2508 1807 130 caquedent et reconquist sur luy lescu et son destrier qui

666 2601 1803 100 me bailla. ¶ et pour ce Ie demande lescu pour ce que ie lay

666 2677 1793 113 gaigne premierement. et le quenis de Iulliers le demãde

662 2757 1777 99 en ensuyuant pour ce que depuis il le conquist. Si nous

652 2820 1794 152 en sõmez soubmis en uostre Iugement. Si en ueulliez Iugier

3278 397 1783 139 sy droitemẽt q̃ nous naions entre nous ne ire ne mal talent.

3184 509 384 296 P

3576 520 1495 185 helipes Roy de france Leu Respondit bien gra

3586 659 1505 106 cieusement. Par ma foy dist il ien iugeray bien et

3268 712 1796 133 loyalment. et manda le Roy son conseil. et leur demãda aduis

3274 785 1817 126 de la chose. et puis leur dit le Roy beaux ẞ᷑s ce sont les plꝰ bellez

3278 855 1786 129 demandes que ie uis oncques.¶ et lors leur dist chascun des

3278 937 1790 113 deux contes lauoient bien et loyalment gaignie et conquis

3278 1014 1790 116 et appella tantost les deux contez et leurs dit Ie osteray cest

3281 1070 1763 116 estrif qui est entre uous deux. uous porteres tous deux Le

3274 1130 1794 149 blason. cest mon Iugement. Mais le conte de flandrez qui le

3278 1229 1813 113 conquist premierement le portera entier sans point de differẽce

3278 1295 1806 110 et le quenis de Iulliers le portera orle dun asur uif et ainsy,

3281 1355 1833 143 Ie uous encharge, Or soyes doresnauant bons. car y me semble

3271 1431 1800 143 quonquez mais blason ne fust si bien party et ainsy furent

3281 1541 759 86 daccord les deux contez

3496 1580 1595 143 ¶ Cõme le Roy s en Retourna de gascõgne a paris;

3219 1667 429 334 L

3596 1686 1488 229 e roy de france. sen ala a paris

3602 1875 1479 103 et le conte de flandrez s en Retourna en son pays

3261 1961 1836 113 et ung filz nõme baudoin qui fust moult orgueilleux. et tãt

3278 2028 1793 99 que par son orgueil il refusa a prendre a feme une des fillez

3278 2111 1760 102 de france. Mais depuis il espousa le diable qui cestoit mis

3281 2174 1790 106 en une morte fẽme. et furent bien ensemble .xiiii. ans passez

3281 2240 1810 106 et en eut deux fillez dont lune fust nõmee Iehanne et lault ͤ

3281 2316 1846 113 puis nee marguerite; bien tost apres ces fais desclarez cy deuãt

3278 2389 1809 96 en lan de lincarnation nr̃e ẞ᷑ ihũs crist mil cent qͣtre uingz

3274 2459 1784 106 et quatre enuiron lascension. trespassa de ce siecle phẽs. Le

3284 2535 1787 106 bon conte de flandrez. et apres baudoin son filz fut fait conte

3281 2608 1783 109 de flandrez. et estoient de luy tenuez .xiiii. contez. ¶et ala a

3274 2691 1860 116 paris deuers le Roy phelipes. et luy fist hõmaige des .x. dicellez

3281 2767 1777 96 contez et les aultres il les tenoit du Roy dalemaigne. ¶et

3278 2850 1823 129 quant il eust ainsy fait hõmaige au Roy le roy le arraisonna

5101 281 106 139 5
