5778 3977
401 454 228 278 582

1107 549 146 146 FR.

1004 705 318 77 NOUV. ACQ.

964 828 367 176 6213

1034 1262 805 229 Nouv. acq. franç. 6213..

795 1537 1306 249 Ms. porté à l inventaire de l'année 1682.

1011 1700 520 205 sous le n° 9643.

1833 1630 328 192 Barrois s82.

1617 821 401 229 3. E.

3258 401 1787 195 ⁋ Cy cõmence aulcunez croniquez de france comenca

3351 520 1641 139 Lan mil cent quatre uingz ou enuiron que regnoit

3368 586 1624 159 en france ung roy moult uaillant et preudome qui

3374 666 1611 129 auoit nom pħẽs et pour sa grant uaillance on le

3387 735 1625 153 nomoit pħes le conquereur; et auoit en flandrez ung

3394 818 1651 129 conte nõme baudoin qui auoit ung filz nõme baudoin

3397 871 1635 189 qui puis espousa le dyable en forme d une fille de Roy

4713 1030 395 139 en flandrez.

3252 1007 428 444 E

3649 1017 1383 285 n ce temps auoit ung conte

3649 1209 1439 159 nõme pħes duquel conte .xiiii. aultrez estoyẽt

3672 1295 1452 146 tenus pour hõmaige. Cest assauoir hollandes.

3258 1372 1840 165 zellandes. alos. hainault. tarasche. cambresis. uermẽdoys.

3245 1451 1803 169 noyon. aumarle. boulongne. amiens. corbye. artois. et

3228 1534 1850 162 la conte de guines. et estoient subgectz a luy. Et sy estoit

3271 1610 1800 156 l un des .xii. pers de france. Et aueucques ce estoit filleul

3265 1693 1823 162 et portoit le nom de phelippes pour lors Roy de france qui

3278 1766 1803 169 moult fust preudoms Loyal et uaillant en son temps. Et

3275 1832 1830 176 au temps qui celuy Roy de france pħes regnoit ung payen

3275 1915 1833 166 doultre mer nõme caq̃dent uint deuant Rõme acõpaignie

3281 2008 1830 149 de .xii. de ses filz quil auoit engendre. Et eust bien .iii ͨ.

3275 2084 1793 159 mille hõmez qui par force prisrent la cite de Rõme. et

3278 2160 1850 159 tuerent le pape et les cardinaulx et tout laultre clergie

3285 2237 1760 179 et s y prirent et pillerent tous les tresors de rõme. et

3285 2326 1793 146 ardirent la grant uille de rõme. et getterent es feux

3275 2399 1773 156 fẽmes et enfans et puis sen alerent les sarrasins et

3281 2472 1870 176 uoiderent rõme et entrerent en tusquemye et en lõbardye

3288 2548 1833 162 et ardirent et exillerent tout le pays. et uindrẽt deuant

3291 2628 1787 179 La cite de milan et l asseg̾ent Car caquedent le payen

3295 2714 1873 172 qui entre les aultres estoit Iayant appelle fust moult craĩt

3295 2787 1826 165 et doubte. et estoit son escu de fin or couloure a ung lion

3311 2883 1780 172 rampart. et se uantoit le payen qu il estoit couronne

4511 231 633 219 FR. nouv. acq. 6213

3865 3065 408 179 R. C. 8070 (164)
