5522 3977
643 493 1813 140 le Roy le conte destampez et luy dist alez a mes establez

649 586 1807 109 et donnez a ses six cheualiers six des meilleurs cheuaulx

649 659 1823 133 de mes establez et ainsy le fist le conte. Et presenta aulx

652 745 1790 133 six flamens les six cheuaulx. Mais ilz ne le daignerent

659 845 1757 119 prendre. Mais les refuserent moult orgueilleusement

662 914 1906 149 et dirent quilz ne les prendroyent point et qͥlz en auoiẽt assez

1057 1040 1465 169 ⁋ Cõment les cheualiers de flandrez partirẽt

1176 1166 1296 136 de paris et sen alerent en flandrez uers

1170 1252 1266 143 le conte ferrand faire leur responce

636 1315 368 401 L

984 1338 1465 338 es messagiers partirent

633 1690 1806 126 flandrez. et alerent au uimendable ou estoient le conte

1000 1615 1416 141 de paris et au tiers iour arriuerent en

633 1766 1829 136 et la contesse. Mais ilz passerent sy despiteusem̃t ꝑ deuãt

633 1849 1806 129 le conte qua paine le daignarent ilz regarder, Et ne

633 1945 1799 119 parelerent oncquez a luy. et sen alerent bouter en une

639 2005 1919 155 chambre. Et quant ferrand uist la chose il sen esmerueilla

646 2104 1793 133 fort. Et dist a la contesse moult aigrement. Dame il

646 2197 1786 129 semble que nos cheualiers soyent courroucez alez parler

639 2296 1797 106 a eulx. Sy sachez pour quoy ilz nont parle a moy. et

649 2363 1846 135 me dictez leur response. Iehanne la contesse sen ala deuers

643 2449 1793 119 les cheualiers. Et leurs dit beaulx seigneurs cõmẽt le

636 2538 1770 139 fait le Roy de france et ses quatre filz. et po᷑ qͦy nauez

646 2634 1773 116 uous parle au conte il en est moult courroucez ⟦alez⟧

643 2724 1766 116 ⟦parler a eulx⟧ . Lors respondit le sire de tournay mol̶t

646 2800 1810 123 aigremẽt. dame fist il uous nous auez moult laidemẽt

652 2886 1754 163 seruis. ur̃e mary est serf du Roy de frãce. et sen uanta

3052 513 1793 126 Le Roy en nostre presence a paris. et que son pere le Roy de

3065 623 1850 102 portingal estoit son serf. Or est ainsy que nul serf ne peult

3059 686 1757 119 tenir plain pie de terre que son seigneur. naist s il luy

3065 778 1774 116 plaist. ou faire pendre ou faire noyez sil mesprẽt uers

3065 848 1770 126 luy. Dame prenez ur̃e serf qu il soit mauldit de dieu

3065 941 1804 126 et uous en alez en portingal ou sont les seruez gens, car

3065 1017 1790 136 Iamais serf naura sur flamens aulcune maistrise. Et

3069 1110 1766 119 sy ueulliez bien scauoit que se ferrand est encore .xu.

3046 1216 1677 112 Iours par deca. nous luy ferons coupper la teste

3032 1278 372 375 I

3394 1295 1458 269 ehanne la contesse quant elle eust

3407 1531 1435 129 oye la Response des cheualiers elle souspira

2999 1600 1843 126 moult tendremẽt de ce que le Roy auoit appelle ferrand

3055 1686 1794 133 serf. et leurs dist seigneurs ne uous esmayez puis que

3049 1786 1780 109 Le conte ferrand uous enuoya en france. Rapporter luy

3049 1842 1813 139 deuez cõme la chose ua. et se le Roy de france a aulcune

3049 1928 1793 140 chose mesprins enuers ferrand il luy pouruoya. et se le

3039 2024 1783 130 Roy y a droit ferrand lendurera. Beaulx seigneurs

3049 2104 1753 123 alez parler a luy pour scauoir quil uous dira. Les

3052 2184 1750 125 cheualiers sen alerent uers le conte et luy compterent

3049 2266 1776 136 tout le fait et la maniere cõment ilz auoyẽt besongne

3052 2356 1783 119 et cõme lautour blanc auoit este tue de laigle. et cõme

3049 2432 1806 149 le Roy auoit appelle ferrand son serf. et cõme au departir

3042 2525 1783 123 le Roy remercyoit le conte du present. Et cõmẽt le Roy

3049 2621 1806 139 auoit enchargie aulx messagiers quilz noubliassẽt pas

3049 2717 1773 133 a dire a ferrand les cõuenancez qui luy auoit promis

3049 2790 1800 166 au palaiz a paris. et aussy quil ne fust sy ouse de faire

3046 2889 1766 196 aulcune aliance au Roy dangleterre. et apres qͥlz luy

4981 440 103 149 26
