2565 3980
507 281 850 126 Char en broet oiseax en rost

507 381 714 99 Qnͣt le soper ot atorne

527 464 674 93 Icel con li ot ꝯmande

517 517 753 119 Leue li done en .ii. bacĩs

511 613 769 103 Tables ⁊ napes. paĩs ⁊ uĩs

514 693 710 103 Tost fu aꝑoilliez ⁊ mis

524 772 809 96 Si se sont au maĩgier assis

507 839 783 109 Trestot qnͣq̃ mestier li fu

511 925 660 103 Ont a lor uolente eu

511 995 799 112 Quant a lor aise ont sope

507 1074 737 113 Et de la table sont leue

507 1144 833 119 Erec mist son hoste a raisõ

501 1223 799 116 Qui sire estoit de la mesõ

348 1276 325 243 D

670 1303 703 109 ites moi beax ostes fait il

650 1383 683 109 De tãt poure robe si uil

494 1469 846 99 Porquest ur̃e fille atornee

504 1542 786 109 Qͥ tant ꝑest bele ⁊ sennee

504 1625 853 122 Beax amis fait li uauasors

504 1714 886 116 Pouretez fait mal a plus fors

504 1797 763 113 Et autretel fait ele moi

504 1880 873 126 Mout me poise qnͣt ie la uoi

511 1980 680 96 Atornee si pourem̃t

504 2059 853 113 Mais nai pooir q̃ ie lament

504 2145 859 110 Tant ai este toz iors en g̾rre

504 2235 743 99 Q̾ toute ai ꝑdu ma t̾re

511 2315 756 99 Et engaigie ⁊ uendue

511 2388 885 122 Et ne por qͣnt biẽ fust uestue

511 2480 686 100 Se sosfrisse q̃le p̾ist

514 2563 803 103 Tout ce q̃n don̾ li uousist

514 2643 796 123 Nes li sire de cest chastel

517 2739 760 103 Leust uestue ⁊ biẽ ⁊ bel

511 2825 803 103 Et se li feist toz ses buẽs

511 2895 899 143 Quele est sa niece ⁊ il est cuẽs

520 3008 774 103 Ne ua barõ en cest pais

514 3094 869 156 Qͥ tant soit riche ⁊ poestis

1450 278 686 116 Qͥ ne leust a fẽme pͥse

1479 378 787 99 Uolentiers tot a ma deuise

1466 447 797 116 Mais i atẽt ẽcor meillor poĩt

1466 524 830 106 Que dex greign᷑ honor li doĩt

1463 603 650 110 Q̾ auẽture ca amoĩt

1469 676 774 113 Ou roi ou cõte qͥ len moĩt

1479 766 797 102 A donc soz ciel ne roi ne ꝯte

1466 845 773 90 Qui de ma fille eust honte

1469 908 847 113 Qui tant ꝑest bele a m̾uoille

1469 991 810 103 Quẽ ne puet trou̾ sa ꝑoille

1479 1077 793 107 Mout est bele mes plus assez

1479 1150 857 107 Uaut ses sauoirs q̃ sa beautez

1476 1227 883 106 Onques dex ne fist riẽ tãt sage

1479 1310 840 106 Ne qͥ tãt fust de haut corage

1479 1386 876 103 Quant ie ai delez moi ma fille

1479 1469 840 103 Tot le mout ne pͥs une uille

1479 1542 910 129 Cest mes deduiz cest mes deporz

1479 1645 866 106 Cest mes solaz cest mes ꝯforz

1483 1721 866 103 Cest mes auoirs ⁊ mes tresors

1499 1804 830 126 Ie naĩ tant riẽs ꝯme sõ cors

1357 1880 289 239 Q

1642 1890 700 116 uant Erec ot tot escoute

1639 1963 740 129 Qnͣque ses ostes a ꝯte

1496 2066 863 109 Dont li demande qͥl li die

1496 2132 723 116 Dont estoit tex chl̾rie

1483 2222 799 109 Qͥ ou chastel estoit uenue

1460 2305 769 119 Qͥlni auoit si poure rue

1476 2381 727 109 Ne fust ploĩne de ch̾rs

1476 2474 763 116 Et de dames ⁊ descuiers

1476 2560 790 116 Ne hostel poure ne petit

1476 2653 704 96 Et li uauasors li a dit

1476 2719 800 136 Beax amis ce sont li barõ

1476 2809 634 116 De cest pais ci ẽuirõ

1479 2905 774 119 Trestuit li uiel ⁊ li chenu

1483 2991 680 110 A une feste sõt uenu

1476 3071 793 159 Qͥ en cest pais iert demaĩ
