2594 3970
89 272 689 733 L

794 337 317 109 I uilaĩs dit

780 423 328 96 en sõ respit.

784 499 311 106 Q̾ tel chose

777 578 341 110 alẽ en despit.

780 678 285 89 Qui mľt

780 760 321 100 uaut mieuz

774 830 324 116 que len ne

784 919 301 96 cuide.

228 979 850 125 Por ce fait bien qui sõ estuide

224 1081 728 86 A torne a bien q̃l q̃ il lait

221 1147 834 110 Car qui son estude entrelait

221 1234 811 115 Tost i puet tel chose taisir

208 1323 926 109 Qui mout uenroit puis a plesir

201 1396 877 109 Q̾ raisons est que totes uoies

178 1488 870 100 Por ce dit crestiens de troies

205 1554 863 113 Doit chascuns penser ⁊ ẽtendͤ

211 1647 851 109 A bien dire ⁊ a bien aprendre

205 1730 817 99 Et trait .i. conte dauẽture

191 1806 828 112 Une mout bele coniũture

195 1882 853 122 ꝑ quem puet ꝓuer ⁊ sauoir

201 1968 758 112 Q̾ cil ne fait mie sauoir

195 2051 767 106 Q̾ sa science nabandone

198 2120 887 109 Tant con dex la gͣce len done

198 2203 791 99 Derec le fil lac est li cõtes

198 2279 817 103 Q̾ deuant rois ⁊ deuãt ꝯtes

198 2375 864 102 Depecier et de rõpre suelent

201 2444 914 103 Cil qui de conter uiure uuelẽt

201 2530 738 103 Desor com̃encerai lestoire

191 2597 920 125 Q̾ toz iors mais iert en memoire

201 2692 732 100 Tant cõ durra crestiẽtez

201 2775 794 109 De ce fest crestiens uentez

138 2838 238 237 U

363 2855 732 112 n ior de pasq̃ au tẽs nouel

363 2927 656 116 a caradigãt sõ chastel

211 3010 804 119 Ot li rois artus cort tenue

201 3099 698 136 Onc si bele ne fu ueue.

840 172 1045 172 Ereeͨ & Enide.

1171 340 744 113 Car mout iot beax ch̾rs

1171 420 791 115 Hardiz et corageus ⁊ fiers

1181 496 804 102 Et riches dames ⁊ puceles

1177 578 818 120 Filles de rois gentes ⁊ beles

1171 655 860 122 Mais aincois q̃ la corz fausist

1187 747 665 113 Li rois a ses ch̾rs dist

1177 833 933 99 Quil uoloit le blãc cerf chacier

1174 906 814 116 Por la costume ressancier

1158 969 1002 126 Mon seignor Gauuaĩ ne plot mie

1164 1061 708 120 Qnͣt il ot la ꝑole oie.

1171 1147 748 116 Sire fait il de ceste chace

1167 1227 881 116 Nauroiz uos ia ne gre ne gͣce

1161 1310 857 109 Nos sauõmes biẽ tuit pieca

1171 1392 860 113 Quel costume li blãs cerf a

1174 1478 877 106 Qui le blanc cerf ocirre puet

1184 1558 768 119 P̶̶ raison baisier li estuet

1167 1647 748 99 Ses puceles de ur̃e cort

1177 1717 785 112 La plus bele a que qͥl tort

1161 1793 877 129 Maus en porroit auenir gͣnz

1171 1882 671 116 Encor a il ceanz .u ͨ.

1171 1961 810 116 Damoiseles de hauz ꝑages

1177 2051 788 115 Filles de rois gẽtes ⁊ sages

1181 2147 695 86 Et ni a nule nait ami

1177 2216 695 103 Ch̾r uaillant ⁊ hardi

1171 2292 953 109 Q̾ chascuns defrainer uoudroit

1174 2368 887 116 Ou fust a tort ou fust a droit

1181 2454 704 113 Q̾ cele qui lui a talãte

1184 2540 870 100 Est la plus bele ⁊ la plus gẽte

1184 2620 850 102 Li rois respont ce sai ie biẽ

1158 2699 893 113 Mais por ce nen lairai ie riẽ

1171 2788 870 103 Car ne doit estre cõtredite

1174 2878 847 99 Parole puis q̃ rois la dite

1164 2970 831 93 Le matinet ꝑ gͣnt deduit

1184 3037 926 125 Irons chacier le blãc cerf tuit

1167 3126 828 169 En la forest auẽturouse

1915 191 450 133 Compose par

1938 291 474 135 Crestiens de

1991 390 301 126 Troies.

2332 92 172 146 95
