2570 3955
151 316 795 99 Messe chãter a .i. hermite

158 405 749 105 Lor offrãde nobliẽt mie

161 481 775 105 Qnͣt il orent la messe oie

164 553 710 96 Andui ẽclinẽt a lautel

168 632 666 112 Si retorn̾ent a lostel

164 715 739 105 A Erec tarda la bataille

164 804 819 108 Les armes qͥert ⁊ lẽ li baille

168 893 805 102 La pucele meisme larme

158 962 858 125 Ni ot fait charaie ne charme

164 1048 753 98 Lace li les chances de fer

155 1120 778 102 Et cout a corroies de cer

155 1206 877 112 Haubert li uest de bone maille

151 1288 752 116 puis si li lace la uẽtaille

151 1364 845 122 Le hiaume bõ li met ou chief

151 1446 908 126 Mout larme biẽ de chief en chief

164 1532 753 99 Au costey lespee li ceint

151 1614 739 119 Puis ꝯmãde ꝯ li ameĩt

145 1684 828 118 Son cheual ⁊ lẽ li amaĩne

151 1773 835 108 Sus est sailliz de t̾re plaĩne

158 1858 729 103 La pucele aporte lescu

155 1944 699 92 Et la lance qͥ roide fu

161 2020 818 99 Lescu li baille ⁊ cil le prent

161 2102 799 119 P̶̶ la guiche a sõ col le pẽt

161 2188 818 105 La lance li a ou poĩg mise

168 2274 752 115 Il la deu̾s la restuel pͥse

155 2353 811 115 Puis dit au uauasor gẽtil

155 2435 841 112 Beax sire sil uos plait fait il

155 2518 748 95 Faites ur̃e fille atorner

168 2587 739 108 A lesp̾uier la uuil men̾

161 2672 789 99 Si ꝯ uos mauez conuenãt

164 2745 812 102 Li uauasor fist maĩtenant

161 2831 762 105 Enseler .i. palefroi bai

155 2910 801 105 Q̾ onq̃s nou mist en delai

158 3012 795 92 De lernois a ꝑler ne fait

158 3094 759 139 Q̾ la pouretez ne li lait

1118 332 937 96 Dont li uauasors estoit plaĩs

1121 402 795 108 La sele i fu mise ⁊ li fraĩs

1115 484 689 99 Desliee ⁊ desafublee

1115 563 732 109 Est la pucel sus mõtee

1105 639 742 99 Qͥ gaires ne sẽ fist ꝓier

1101 741 726 82 .E. ni uost plus delaier

1118 807 792 99 Ainz sen ua. delez li acoste

1118 889 795 96 Enmaĩne la fille son oste

1118 962 686 102 Ap̃s lui en uõt ãbedui

1108 1038 779 115 Li sire ⁊ la dame auec lui

1105 1127 838 105 .E. cheuachoit lãce droite

1111 1209 835 102 Delez lui sa pucele a droite

1111 1288 901 106 Tuit les gardent ꝑmi les rues

1118 1367 858 109 Et les gnͣz genz. ⁊ les menues

1101 1446 904 112 Trestoz li pueples sẽm̾ueille

1118 1535 874 109 Li uns dit a lautre ⁊ cõseille

1111 1611 604 119 Qͥ est qͥ est cil ch̾rs

1101 1687 868 122 Mout doit est ͤ uaillãz ⁊ fiers

1105 1783 828 105 Qͥ la bele pucele en moĩne

1115 1862 828 99 Cist ẽploiera biẽ sa poĩne

1111 1937 921 116 Cist puet biẽ desrainier ꝑ diͦt

1115 2023 752 106 Q ceste la plus bele soit

1124 2096 842 115 Li uns dit a laut ͤ por uoir

1121 2181 848 109 Ceste doit lesp̾uier auoir

1121 2264 723 118 Li .i. la pucele pͥsoiẽt

1118 2343 802 112 Et maĩt en i ot qͥ disoiẽt

1118 2438 769 112 Dex qͥ puet cil ch̾rs estre

1105 2514 782 116 Qͥ la bele pucele a destre

1115 2587 854 125 Ne sai ne sai ce dit chascũs

1101 2672 967 112 Mais biẽ li siet cil hiaumes brũs

1115 2765 768 102 Et cil hauberz ⁊ cil escuz

1111 2841 812 95 Et cil bnͣz dacier esmoluz

1105 2913 917 112 Mout est adroiz sor cel cheual

1108 2999 779 102 Biẽ resẽble gẽtil uassal

1105 3078 943 142 Mout est biẽ faiz ⁊ biẽ tailliez

2226 164 149 96 100
