2556 3965
433 330 916 159 Ceste chace est ml̾t ꝑillouse

558 422 744 100 nsinc est la chose atornee

360 489 195 142 E

568 495 691 116 a lendemaĩ a la iornee

436 578 817 112 Li rois se lieue ⁊ si satorne

443 660 734 109 A lendemaĩ lors qͥl aiorne

443 750 674 109 Et por aler en la forest

436 829 701 106 Dune corte cote se uest

446 908 843 106 Ses cheualiers fait esueillier

446 991 655 92 Ses chaceors aꝑoillier

449 1060 824 119 La sont tuit mõte si sen uõt

453 1153 664 99 Lor ars ⁊ lor seetes ont

449 1222 721 116 Ap̾s aus mõte la royne

446 1311 817 106 Ensãble oli une meschine

446 1391 717 109 Pucele estoit fille de roi

439 1476 847 106 Et fist sor .i. blanc palefroi

446 1552 618 116 Ap̃s les suit a esꝑon

443 1628 628 109 Uns ch̾rs; Erec ot nõ

443 1718 790 102 De la tauble reonde estoit

433 1797 866 116 Mout gͣnt los en la cort auoit

433 1886 615 99 De tant ꝯ il iot este

433 1952 625 119 Ni ot ch̾r plus ame

429 2038 794 106 Et fu tãt beax q̾n nule t̾re

436 2121 817 115 Nestuec plus bel de li aq̃rre

429 2200 863 119 Mout estoit beax ⁊ ꝓuz ⁊ genz

439 2299 761 96 Sen auoit pas .xxu. anz

439 2372 804 99 Onq̃s nũs hom de sõ aage

443 2435 879 135 Ne fu de greignor uasselage

436 2537 625 106 Q̾ diroie de ses bõcez

453 2626 783 90 Sor .i. cheual estoit mõtez

449 2696 744 102 Afublez dũ mãtel h̶min

449 2778 824 116 Uient galopant ꝑ le chemĩ

443 2874 823 106 Sot cote dũ dyapre noble

443 2947 869 109 Qui fu faiz en costãtenople

446 3029 899 119 Chances ot dũ paile chaucies

436 3112 919 159 Mout biẽ faites ⁊ bien taillies

1392 330 757 96 Uns esꝑons a or chauciez

1425 409 744 109 Et fu es estriers esfichiez

1421 492 810 102 Ne not arme o lui aportee

1435 581 790 102 Fors q̃ tant soulem̃t sespee

1425 657 740 99 La royne uiẽt ateignãt

1431 733 777 122 Au tor dune rue poignãt

1431 832 774 106 Dame fait il en ceste uoie

1431 918 781 86 Se uos plesoit o uos iroie

1444 984 850 116 Ie ne uing ci por autre a faire

1438 1067 813 109 Fors por uos ꝯpaignie faire

1431 1146 738 96 Et la royne len mercie

1438 1225 784 99 Beax amis ur̃e ꝯpaignie

1435 1308 853 109 Aimie młt ce sachiez de uoir

1428 1391 893 105 Car ne puis pas moillor auoir

1444 1470 860 106 Lors cheuauchẽt a gͣnt esploit

1441 1549 870 109 En la forest uiennent tot droit

1438 1625 770 109 Cil qui deuant ieret ale

1438 1701 866 119 Auoient ia le cerf troue

1441 1787 797 109 Li un cornẽt li autre furent

1441 1873 843 116 Li chien ap̃s le cerf estuẽt

1441 1939 787 129 Corrent angoissẽt al aiẽt

1441 2035 903 116 Li arch̾ espesent tient si

1448 2114 840 116 Deuant aux toz chaca li rois

1444 2200 814 109 Sor .i. chaceor espanois

1342 2382 251 115 L

1577 2276 734 122 a royne guenieure estoit

1600 2359 767 119 Ou bois qͥ les chiẽs escoutoit

1438 2445 701 119 Lez li Erec ⁊ sa pucele

1431 2517 906 132 Qui mout estoit cortoise ⁊ bele

1435 2590 945 135 Mais daus tant esloignie estoiẽt

1441 2679 837 132 Cil qui le cerf chacie auoiẽt

1441 2749 824 138 Quẽ ne pooit daus oir riẽ

1438 2831 810 146 Ne cor. ne cheaceor ne chiẽ

1448 2927 787 135 Por oroillier. por escouter

1444 2993 837 152 Sil orroient home corner

1474 3089 777 162 Ne cri de chien de nule ꝑt
