2603 3982
215 331 837 97 Tuit troi furẽt en .i. essart

215 401 830 106 Delez le chemin areste

209 477 846 116 Mais mout iorent pou este

209 560 853 110 Quant il uirent .i. ch̾r

205 643 840 93 Uenir arme sor sõ dest̾r

212 726 843 110 Lescu au col la lance ou poĩg

212 809 717 110 La royne le uit de loĩg

209 879 836 123 Delez li cheuauchoit a destre

202 978 800 107 Une pucele de gͣnt estre

212 1055 787 116 Et deuãt lor sor .i. roncin

209 1131 833 106 Uenoit .i. naĩs tot le chemĩ

205 1227 741 100 Etot en sa maĩn aportee

195 1314 718 99 Une corgie en son noee

212 1387 800 119 La royne guenieure uoit

212 1476 764 106 Le cheualier bel ⁊ adroit

209 1552 707 113 Et de sa pucele ⁊ de lui

202 1639 810 106 Uuet sauoir q̃ il sont ãdui

205 1728 757 107 Sa pucele ꝯmande aler

205 1808 628 106 I suelm̃t a lui ꝑler

195 1888 767 109 S ⟦ ⟧ te fut la royne

202 1977 820 103 cel cheualier qͥ la chemine

205 2060 810 110 alez auec li uiegne a moi

205 2137 820 106 Et ⟦ ⟧ auec sa pucelle o soi

219 2223 763 106 La pucele ua lambleure

192 2306 777 99 Ueis le cheual al̾ a droiture

195 2389 728 96 Li naĩs alẽ ꝯtre li uiẽt

199 2468 740 107 En sa maĩ sa corgie tiẽt

185 2548 884 106 Damoisele estez fait li naĩs

189 2628 757 99 Qui de folie fu toz plaĩs

189 2711 823 109 Qualez uos ceste ꝑt q̃rant

192 2790 837 110 Ca ne passeroiz uos auãt

199 2876 876 107 a les arriers nest mie droiz

195 2953 681 99 Qua si bon ch̾r ꝑloiz

209 3023 923 116 Passer uuet outre a force faite

199 3119 890 142 La damoisele auãt sest tiͣte

1172 331 866 103 Qͥ le nain ot a gnͣt despit

1188 414 833 100 Por ce quele le uit petit

1181 494 844 103 Et li nains hauce la corgie

1181 564 840 96 Qnͣt a lui la uit aꝓchie

1178 637 751 122 Ferir la uolt ꝑmi le uis

1188 723 800 109 Et cele a sõ braz deuãt mis

1188 793 717 109 Cil recueure si la ferue

1188 879 760 103 A descou̾t sor la maĩ nue

1178 965 834 123 Si la fiert sor la maĩ enus̾e

1178 1048 903 103 Q̃ toute en deuiẽt la maĩ ꝑse

1181 1134 900 113 La pucele qnͣt mieuz ne puet

1185 1217 827 103 Uuelle ou nõ retorn̾ lestuet

1175 1304 744 119 Retornee sen est plorãt

1181 1383 920 123 Des iuelz li descendent corrant

1175 1479 820 103 Les lermes ꝯtreual la face

1185 1562 680 100 La royne ne set q̃ face

1172 1635 786 123 Qnͣt sa pucele uoit blecie

1165 1725 856 113 Mout est dolante ⁊ corrocie

1178 1818 840 113 Ha; Erec beax amis fait ele

1162 1888 886 119 Mout me poise de ma pucele

1168 1974 797 106 Q̾ si la ma blecie li nains

1178 2064 731 106 Mout est li ch̾rs uilaĩs

1165 2146 767 93 Qnͣt il soffri q̃ tel faiture

1172 2233 657 106 Feri si bele creature

1172 2306 783 119 Beax amis Erec alez mi

1178 2402 575 100 Au ch̾r ⁊ dites li

1175 2465 939 123 Qͥl uiegne a moi ⁊ uoulaist mie

1175 2571 827 90 Conoistre uuil lui ⁊ samie

1175 2651 690 106 Erec cele ꝑt esperone

1175 2740 883 90 Desesperons au cheual done

1165 2817 986 96 Uers le cheualier poĩt tot droit

1168 2890 907 99 Li naĩs enuers uenir le uoit

1191 2979 641 93 A lẽcontre li est alez

1185 3052 866 97 Uassaux fait il arriers estez

1185 3125 817 160 Ca ne sa ie qua faire aiez

2264 152 119 242 96
