2570 3955
171 316 831 109 Por ce sont li hostel si plaĩ

155 375 894 116 Mout i aurai demaĩ gnͣt bruit

161 468 752 98 Qnͣt il seroit ẽsãble tuit

168 547 778 95 Car deuãt trestote la gẽt

171 622 818 109 I ert sor une perche dargẽt

161 705 812 95 Uns esp̾uiers ml̾t biẽ assis

168 787 815 92 Ou de .u. meues ou de .ui.

168 856 838 103 Li miendres ꝯ porra sauoir

161 945 825 93 Qui lesp̾uier uoudra auoir

171 1025 759 92 Auoir li couẽdra amie

158 1094 782 108 Bele ⁊ sage sanz uilenie

178 1179 593 99 Sil i a ch̾r tant os

155 1252 679 102 Qͥ uuille le pͥs ⁊ le los

161 1331 762 109 De la plus bele defranier

164 1423 723 99 Samie fera lesp̾uier

158 1486 858 119 Deuant touz a la ꝑche p̾ndre

161 1582 805 105 Sautres ne li ose desfendre

178 1664 798 115 Iceste costume maĩtienẽt

171 1740 828 108 Por ce tuit chascũ an i uienẽt

174 1829 680 95 Ap̃s li dit erec ⁊ pͥe

161 1895 881 125 Beax ostes ne uos poist il mie

155 1990 791 125 Mes dites moi se uos sauez

158 2079 689 119 Qui est .i. ch̾rs armez

164 2168 756 102 Dunes armes dazur ⁊ dor

164 2244 756 115 Qui ꝑ ci deuant passa or

168 2333 716 99 Lez lui une pucele coĩte

164 2412 848 102 Qͥ mout p̾s de lui estoit ioĩte

158 2501 752 106 Et deuãt aus .i. naĩ bocu

168 2593 686 96 Lors a li ostes respõdu

181 2695 699 86 Cest cil qͥ aura lesp̾uier

174 2768 640 115 Sanz cõtredit de ch̾r

178 2847 762 109 Ne cuir q̃ nũs auãt sẽ tiͣe

178 2939 857 112 I a ni aura ne cop ne plaie

181 3025 590 102 P--- .ii. anz lail ia eu

184 3098 828 145 Conques chalõgiez ne li fu

1115 303 748 112 Mais se il encor .i. an la

1141 379 716 112 A toz iors mais des̾ui la

1148 461 811 109 I ames niert anz q̃ il ne lait

1128 537 782 112 Qͥ te sanz noise ⁊ sãz plait

1141 606 693 115 Erec respont enelepas

1134 688 697 109 Cest ch̾r ne aing ie pas

1138 774 772 105 Sachiez se ie armes auoie

1138 850 818 109 Lesp̾uier chalõgier iroie

1148 932 795 102 Beax ostes ꝑurẽ fnͣchise

1148 1005 801 112 P-- guierre dõ ⁊ ꝑ s̾uise

1118 1084 821 95 Uos pri q̃ uos me cõsoilliez

1115 1153 844 112 Tant q̃ ie soe aꝑoilliez

1128 1235 933 109 Dunes armes uiez ou noueles

1115 1311 946 116 Moi ne chant ou laides ou beles

1141 1390 838 122 Li ostes respõt ꝯme fnͣs

1157 1486 815 102 Iamar en seroit en espans

1128 1562 844 115 Bones armes ⁊ beles ai

1121 1644 696 115 Q̾ uolent̾s uos p̃sterai

1128 1720 765 112 Leanz est li haub̾z tresliz

1124 1806 654 128 Qui entre .u ͨ. fu esliz

1131 1885 861 132 Et chauces ai bones ⁊ chieres

1124 1984 739 95 Beles ⁊ bones ⁊ ẽtieres

1134 2066 828 119 Li hiaumes est ⁊ bons ⁊ beax

1134 2145 762 106 Et li escuz fres ⁊ noueax

1134 2231 779 112 Le cheual. lespee ⁊ la lãce

1111 2307 884 122 Tout uos p̾sterai sãz dotãce

1124 2412 707 115 Q̾ ia nẽ sera riẽs a dire

1115 2491 686 116 Ur̃e m̾ci fait. E. sire

1111 2583 851 106 Mais ie ne qͥer merillor espee

1121 2676 736 95 Q̾ cele que i ai aportee

1128 2742 825 131 Ne cheual autre q̃ le mien

1121 2827 789 122 De celui maiderai ie biẽ

1134 2923 861 115 Se uos le sorplus me pretez

1131 3009 864 95 Uis miert que sera gnͣz bõtez

1124 3065 944 207 Mais encor uos uuil q̃rre .i. don

2246 135 116 151 99
