6133 4629
602 519 1590 264 Cõment alixandre yssy des desers pour

733 759 1447 93 en uenir uers le Roy porus qui faisoit son

729 833 1409 112 amas de gens darmes pour combattre le

729 891 552 115 Roy alixandre

683 1033 1520 155 Cõment le Roy alixandre en ala ueir le Roy

756 1157 1486 96 porus incongnus pour acheter uiures.

756 1215 1000 119 ⁊ ault̾z manieres de choses

698 1334 1482 116 Coment porus apella alixandre de camp

744 1404 1054 123 en la grande seconde battaille

698 1550 1401 120 Coment le Roy alixandre rechupt le roy

752 1643 1247 116 porus dinde a bataille corps a coͬps

714 1766 1424 108 Coment les indiens uolrent courir sus

733 1851 1432 104 alixandre pour uengier la mort de porus

741 1936 667 127 leur seigneur.

706 2067 1351 131 Coment le Roy alixandre fist enterer

771 2156 1429 146 honnourablement le roy porus en faisant

752 2245 1031 138 sac̾fice a nostre seigneur

640 2407 1633 131 Les grans merueilles que alixandre trouua

760 2511 918 100 ⁊ uit ens es desert dinde

698 2615 1417 146 Coment alixandre desconfit pluiseurs

768 2711 1370 120 grant ⁊ oribles olifans femes uelues

733 2804 1447 131 cornues ⁊ moult daultres choses moult

752 2877 382 151 estranges

667 3028 1517 158 Coment alixandre ⁊ son peuple souffrir̃t

752 3140 1417 138 moult de maulx par feux ⁊ par neges ⁊

744 3217 687 135 par grans plennes

690 3363 1645 151 Coment le roy de nothefites enuoya ses messages

741 3452 1362 193 dire au Roy alixandre lestat de sa terre

2315 894 502 209 .xxiiii. capitle

2350 1185 228 192 .xxx. ͤ

2331 1388 285 232 .xxxi. ͤ

2350 1658 230 212 .xxuii. ͤ

2350 1964 293 192 .xxuiii. ͤ

2327 2256 262 143 .xxix. ͤ

2331 2488 258 169 .xxx. ͤ

2300 2837 298 268 .xxxi. ͤ

2304 3190 339 297 .xxxii. ͤ

2296 3440 533 205 .xxxiii. ͤ capitle

3500 560 1733 358 Coment le Roy alixandre enuoya ses lettres an

3658 783 614 135 Roy des bracaniens

3562 964 1698 220 Com̃ent le roy des bracaniens renuoya ses lett̃z

3624 1087 598 124 au roy alixandre

3543 1265 1528 139 Com̃ent alixandre se combaty as ghayans

3543 1492 1682 151 Coment alixandre fist ardoir le sauuaige hom̃e

3616 1365 1393 147 ⁊ coment Il trouua ung home sauuaige

3612 1593 1463 139 ⁊ puis coment Il entra en ual perilleux

3520 1728 1574 177 Com̃ent alixandre demoura tous seulx en

3597 1820 1254 174 la uallee perllieuse dist listore.

3535 1990 1521 193 Cõment sost alixandre se party de la ualee

3547 2206 1640 158 Coment alixandre reuint a ses compaignons

3543 2341 1628 158 Coment alixandre fu grandement festues

3593 2434 1416 142 de ses barons ⁊ de moult daultres ches.

3512 2565 1602 173 Coment alixandre trouua une fontaine ou

3581 2669 1046 146 le poisson cuit reuenoit en uie

3531 2812 1521 150 Coment alixandre trouua la fontaine de

3604 2889 340 100 Iouuent

3527 3012 1583 197 Coment alixandre sesmult pour aller ꝑler

3570 3105 1007 150 as abres du soleil ⁊ de la lune

3504 3255 1297 178 Coment alixandre parla as abres

3508 3402 1536 216 Coment alixandre enuoya ses lettres a la

3516 3510 660 181 roynne caudasse

5322 860 486 193 .xxxiiii. caple

5326 1112 341 199 .xxxu. ͤ

5307 1373 296 173 .xxxui. ͤ

5303 1597 354 185 .xxxuii. ͤ

5276 1863 401 204 .xxxuiii. ͤ

5252 2025 367 231 .xxxix. ͤ

5245 2214 281 162 .xl. ͤ

5260 2393 255 264 .xli. ͤ

5237 2634 247 262 .xlii. ͤ

5229 2896 251 232 .xliii. ͤ

5210 3143 244 209 .xliiii. ͤ

5198 3344 233 116 .xlu. ͤ

5168 3518 571 243 .xlui. ͤ capitee

5515 470 77 147 10
