6102 4631
806 667 1816 197 a la cause de perdicas qui les auoit mis a merchy

814 841 1710 154 Coment emenuds ⁊ neoptalenus sent prinrent

845 941 1598 131 de guerre la ou fu ochis le dit neoptalenus

852 1030 1656 135 ⁊ le Roy polipeton que antipater auoit tramis

845 1099 486 128 en son ayde

779 1265 1745 151 Coment perdicas fu ochis du Roy ptholomer

787 1427 1656 155 Coment emendus du ochis miserablement

852 1532 529 123 ⁊ par trayson

771 1647 1641 143 Coment la Roynne olumpias sen fuy de perse

849 1752 1497 108 ⁊ sen Remit en macedoine, la ou elle fist

818 1829 1524 112 ochir le Rot aridien ⁊ la Roynne crudissen

814 1906 432 150 sa fẽme.

768 2022 1536 135 Coment cassander en la uenganche de sa

837 2118 1478 112 dame par amours fist ochir la Roynne

798 2203 1579 116 olumpias ⁊ getter le corps achiens, et as

798 2288 352 162 oiseaulx

756 2435 1625 119 Coment alior le fil de caudasse la Roynne

814 2531 1586 100 uenga la mort alixande ⁊ primierement

795 2601 1807 169 coment Il assambla ses gens darmes dist listore

760 2763 1602 131 Coment les ostz de alior le fil alixandre se

825 2863 1629 116 partirent demouree pour aller en gresse sus

814 2925 1513 123 antipater ⁊ ses enffans uengier la mort

787 3025 656 100 du Roy alixandre

756 3129 1636 147 Coment antipater assambla ses homes et

806 3249 1598 143 coment alior assiga la cite de Kocheflour et

798 3322 649 162 antipater dedens

2612 636 464 278 .Cuiii. capitle

2597 1126 297 128 .Cix ͤ.

2609 1277 308 170 .Cx ͤ.

2643 1498 268 219 .Cxii ͤ.

2616 1800 308 288 .Cxii ͤ.

2601 2066 305 384 .Cxiii ͤ.

2593 2400 346 440 .Cxiiii ͤ.

2582 2920 285 221 .Cxu ͤ.

2535 3307 514 220 .Cxui ͤ. capitle

3701 663 1663 143 Coment ceulx de la cite saillirent sur leurs

3747 860 726 131 cassadran fu pris

3782 771 1605 143 anemis ⁊ coment ung grant baron nom̃ez

3701 1030 1621 177 Cõment le dit cassadran fu tournez en Rost

3766 1150 1151 119 la ou Il morut miserablement

3689 1296 1563 143 Coment le Roy de hongrie fu boulis en une

3739 1404 1417 131 candiere auens lun des nepueulx de

3736 1478 370 96 antipater

3666 1613 1579 119 Coment ceulx de la cite furent constrains

3736 1725 1624 127 par forche de famine de yssir ⁊ uenir a bataille

3647 1844 1613 155 Cõment ariste fu pris ⁊ menez prisonnier

3709 1956 1513 135 en la cite ⁊ ossi fu floren le fil antipat̾

3705 2041 687 123 ⁊ enmenez en lost

3647 2161 1656 166 Coment ariste ⁊ floren furent Rendus par

3689 2269 332 112 escange

3631 2369 1618 158 Coment la cite fu prise ⁊emportee par

3682 2496 980 139 force darmes dist listore

3616 2628 1667 181 Com̃ent tous les barons de antipater fur̃t

3705 2751 501 97 mis a mort

3890 2955 346 340 E

4218 3106 888 151 xpucit tous les capitles

3813 3257 305 301 S

4122 3357 1069 212 enssieult la maniere du liure ..

5619 474 143 147 14

5854 119 85 305 2

5411 891 567 174 .Cxuii ͤ.capitle

5387 1080 431 243 .Cxuiii ͤ.

5399 1342 413 236 .Cxix ͤ.

5399 1647 271 228 .ui̽̽ ͤ.

5391 1908 307 191 .ui̽̽.i ͤ.

5372 2145 290 216 .ui̽̽.ii ͤ.

5353 2375 349 245 .ui̽̽.iii ͤ.

5337 2666 416 274 .ui̽̽.iiii ͤ.
