5942 4575
705 621 1808 179 de betis qui estoit pris ⁊ enmenez en lost des indoix

789 743 1648 130 prisonnier dont Il furent tous moult dollans

766 823 1838 141 Mais ce que Il auoient prins a lautre lez porus,

758 903 1846 149 les Reconfortoit grandement. Adont uint le

770 998 1834 119 baudrain qui uenoit de aourer du temple de dianne

766 1094 1877 141 qui moult fist grant feste a porus, Non obstant que

755 1204 1937 130 Il amast mieulx aultrement Mais de malle auẽture

770 1292 1895 145 Il en fault faire son pourffit, au mieulx que on poelt

770 1406 1823 119 car en dist que le desconffort ne uault Riens, A dont

766 1490 1793 130 phesonnie se leua contre lui ⁊ la fist assir dallez

778 1586 1826 137 parus sus les tapis. Ha dist elle pleuist a tous

770 1704 1800 110 les dieux que nous aourons, que tous noz bien

781 1772 1789 149 ueullans fuissent ossi uiallant cõme uous estes

778 1875 1887 126 my seigneur nr̃e guerre en uaulroit mieulx contre

785 1978 1919 134 noz anemis. Certes dist paruꝰ dãme pour ur̃e anemy ne

781 2074 1816 122 uolroy ge pas estre ⁊ se uous entendez que clarumis

781 2176 1888 138 mon pere soit ur̃e anemy non est auis est ur̃e amy

774 2276 1960 141 Car Il ne desire Rient tant que ur̃e gracieux corpz gẽt

793 2367 1941 141 ⁊ combien que Ia Il soit moult anchien. Sy naroit

789 2462 1857 115 dãme ou damoisel ou ne deueroit auoir blasme dely

793 2550 1918 130 Car il escraix du noble sang de troye Cõme du uaillant

1006 2554 92 72 est

800 2661 1789 118 Roy pryant ⁊ sachiez que Ie ne dich point ce pour

789 2745 1846 102 Cause que ce soit mon pere. Et de ceste parolle

785 2813 1983 153 se hontya ung paul dãme phesonnie, Car elle entendoit

789 2897 1873 153 bien a la parolle de porus que ceste guerre ne uint

797 3011 1758 130 que par elle, pour ce que elle ne le uolloit point

797 3084 1754 152 prendre a mary a cause de son anchiennete. Sy

793 3164 1811 240 se teult ,a tant de ce pourpoz ⁊ comenchierent a ꝑler

3291 667 637 198 dautres choses.

3516 861 1518 179 Cõment betis fu honnourez ens es fẽtes

3638 968 1365 171 des indoix ⁊ daultres choses.

3253 1014 209 263 L

3470 1037 1777 190 es indoix persans ⁊ bandrains ayans en leur prison

3474 1136 1670 148 le duc de betis Se mirent au Retour a tout Ce

3298 1231 2007 168 que Il auoient de concquest. Sy necesserent de cheuauchr̃

3295 1303 1891 164 tant que Il uinrent en leur ost ⁊ quant Il furent la

3295 1406 1937 172 uenut Il desarmerent le dit betis si le Reuestirent dune

3306 1490 1808 179 moult belle Robe ⁊ puis le menerent autref du Roy

3279 1563 1854 225 clarmis Lequel clarmis estoit si dollant que plus

3291 1650 1876 221 ne pooit Car on ly auoit dit que porus son fil estoit

3276 1761 1800 198 pris ⁊ enmenez prisonnier en la cite Mais Il ne

3283 1852 1777 195 sauoit sil estoit ou naurez ou quoy ⁊ pourtant Il

3272 1959 1754 160 en estoit si anuyeux quil ne sen sauoit contenir

3257 2039 1796 191 Or uint mercien de perse ⁊ les .iii. autres filz du dit

3268 2142 1903 195 clarmis aueucques ly qui amenoient leur prisonnier̃

3264 2218 1755 214 tantost que le dit clarmis le uit ainchoix que

3264 2325 1785 206 Il lenuuissent saluet Il leur demanda de porus

3260 2428 1812 191 Mais Il oie len seulrent autre chose dire fors tant

3253 2535 1758 206 seullement que Il estoit pris et ou lieu de lui Il

3245 2638 1735 209 auoient Cestuy betis qui se disoit estre frere

3257 2733 1815 191 gadiffer. Et pour ce disoient Il sire ne uous

3249 2832 1884 183 en desconfortez point car au plaisir des dieux nous

3253 2908 1750 206 Rarons bien ur̃e filz ⁊ le baudrain pour cestuy

3249 3015 1804 195 Et ossi le desconfforter ny uault Rien. Celuy ne

3241 3111 1812 167 doit point Aller au bos qui a paour des foeilles

3237 3210 1965 267 ainssi est Il de guerre quy nen uoelt atteindre lauẽture

5316 461 141 248 84
