6133 4599
4174 1203 1330 149 sus la geste on ystoite du noble Roy alixandre

4020 1002 1357 270 Chy apres senssieult la prologue faitte

4162 1257 614 138 Roy de macedonne.

4036 1387 1322 283 our ce que par le Record ⁊ la membranche de

4043 1547 1304 189 nobles emprises ⁊ fais darmes, conquestes

3453 1297 624 508 P

4001 1613 1342 195 uaillandises faittes ⁊ acheuees par les

3587 1762 1810 211 anchien ⁊ par chy deuant passet. Les coers des nobles

4017 1709 1406 176 uaillans poissans ⁊ nobles hõmes du tampz

3553 1843 1867 192 ⁊ uaillans hõmes du tempz pñt Desirans ⁊ uueillans

3595 1931 1982 203 attaindre la haulte ⁊ exellente uertu de proeche ⁊ de bõne Renõmee

3603 2012 1832 199 dont esmeu, esleue ⁊ Incite plus emparfont a toutte

3576 2081 1901 218 honneur ⁊ perfection et ossi a tout certain entendement

3591 2165 1890 226 de Raison, Et meisment tous Ioues coers de cheualiers

3603 2238 1809 233 ⁊ escuyers sen doient esueillier et esleuer en haulteur

3583 2333 1745 211 ⁊ en proesche quant telz faiz oent Recorder, pensant

3587 2414 1886 211 toudis a lacquisicion de bonne Renomee. Ie de ce non digne

3572 2498 1809 215 poure ⁊ non sachant a la Requeste ⁊ principalement au

3580 2590 1751 188 cõmandement de tres haulte noble ⁊ puissant seigneur

3580 2671 1744 214 monseigneur Jehan de bourgoingne, conte destampes

3568 2747 1859 200 ⁊ seigneur de dourdaing ⁊ ie ay mis ⁊ fermet mon po᷑ pos

3572 2839 1817 177 de mettre par escript en langaige maternel les nobles

3564 2916 1802 211 faiz darmes, conquestes ⁊ emprises du noble Roy

3541 2993 1852 214 alixandre Roy de macedone. Selon ce que Ie lay trouuet

3553 3092 1813 196 en ung liure Runet dont Ie ne say le non del accem-

3461 3161 1890 200 fors que Il est Intitule listoire alixandre. Et pour ce

3514 3242 1791 326 se de la uraye histoire de ce tant noble ⁊ poissant Roy

4040 686 1257 199 Assit ad inceptum sancta maria meum

5600 463 138 230 17

5876 91 99 307 3
