6142 4635
857 648 1642 232 fu aristottes le maistre de philozophie et guides

869 818 1634 143 enssengnemens que Ie fist a alixandre uolra sauoir

880 911 1549 147 si lise un liure qui sappelle 'de secretus secretore'

853 1000 1650 131 La polra trouuer belle ⁊ noble doctrine pour tous

884 1069 1592 163 uaillans hõmez enssengnier ⁊ aprendre si nous

884 1158 1599 174 en tairons en ceste partie pour la prolixite de la

884 1224 301 120 matere.

1069 1313 1354 145 Com̃ent le Roy alixandre songa ung songe

1112 1421 1433 112 merueilleux a leage de .x. ans gisans en son lit

834 1490 212 255 Q

1039 1517 1525 143 uant cest enffant alixandre chy fu paruenuz

1046 1560 1499 189 a leage de .x. ans Il aduint une foix que Il se

1042 1664 1434 166 gisoit en son lit dormant enssi cõme lescripture

869 1726 1645 174 Raconte ⁊ enssi que Il sedormoit Il lui souruint une

880 1811 1657 178 uizion moult merueilleuse ⁊ obscure car aduiz

876 1911 1665 163 lui estoit que on lui auoit fait pñt dun oef pour

884 1989 1673 166 lui mengier ⁊ de cest oef ychy nauoit celui sambloit

880 2070 1627 174 aultrui uolu gouster, ne mengier mais quant Il le

888 2155 1622 147 tint Il comencha a Rouler contre terre ⁊ tant le

888 2240 1634 162 roulla sus les caillaux de marbre, de la salle la ou

876 2302 1661 181 Il lui sambloit qu il estoit que lescargne de cest oef

896 2390 1645 190 se Rompy. Et tantost que ceste escargne fu Rompue

884 2487 1653 181 Il sailly De cel oef ung tres grant ⁊ horible dragon ⁊

903 2568 1615 193 par samblant de tres merueilleuse ⁊ hideuse figure

888 2661 1661 162 Et auecq ce Il lui sambloit que toutte le terre estoit

888 2750 1785 181 auironnee de cest dragon, hastiuement ⁊ meruileusem̃t

896 2827 1672 185 Et puis finablement Il ꝯueoit mors et la estoit

896 2908 1715 189 uouttez en une sepulture moult soudainement, par

892 2985 1676 205 le mort Duquel serpent, li airs estoit si obnubile

892 3090 1642 166 ⁊ trouble que toutte la terre sambloit couuerte De

888 3171 1742 289 tenebres Dont Il sen enssienoit celui sambla grans

3611 760 1785 163 Tempestez ⁊ orages ⁊ en ces orages ⁊ tempestes sesuilla

3654 876 1672 112 le dit alixandre cõme tous enfreez ⁊ esbahiz de son

3646 954 1723 135 songe car Il lui sambloit propprement estre enssi que

3646 1031 1812 154 Il auoit songie ⁊ a tres grant paine le pooient ses cãbreles

3646 1123 807 163 Rapaisier ne Rafrener.

3839 1266 1534 166 De la doctrine du Roy alixandre ⁊ a quiIl fu baillies

3886 1367 1429 139 pour nourir en siences liberalles ⁊ morialles

3600 1425 247 243 A

3851 1452 1452 162 insi cõme Ie uous dych estoit alixandre le hone

3611 1618 1685 178 tant que finablement amplus tost que Il polt Il sen

3847 1556 1452 143 baceler en tres grant penssee de son songe, Et

3646 1703 1665 170 uint deuers son pere auquel Il Recorda son songe

3619 1788 1630 162 come tous esbahis de ce. Quant le Roy phellippe

3619 1884 1568 151 entendi son fil enssi parler Il en ot ossi moult

3619 1966 1684 142 grant merueilles ⁊ ne sauoit que pensser sur chon

3619 2062 1657 143 fors tant seullement que tantost ⁊ sans Delay Il

3615 2139 1719 159 enuoya en la chite dathenes querir tous les plus

3611 2236 1750 151 sages clers ⁊ adeuineurs que on y poelt a che tempz

3611 2317 1650 131 trouuer. Sy en uint .iii. Dont li premiers

3600 2398 1734 162 estoit appellez engriers ascatus liscarus saligors

3604 2491 1657 158 des liers et le tiers estoit aristotte qui sen estoit

3611 2572 1731 147 Rallez athenes nomme fors que pour amener les

3596 2676 1746 143 deux autres, auecques ceulx maistres ychy, en uint

3604 2765 1711 155 plusieurs autres pour eulx compagnier, et pour

3588 2838 1677 167 on la declaration ⁊ Disputation du songe du Iosne

3592 2939 1676 154 ⟦cheualier⟧ bacheler, alixandre. Quant tous ces

3592 3016 1719 178 clers furent assamblez ⁊ uenus, on les fist entrer

3592 3113 1761 150 ens une cambre, en laquelle estoit le Roy, le Roynne

3565 3198 1812 193 ⁊ leur fil alixandre.. Et la en lepñce de eulx leur

5550 517 194 240 21
