4557 3398
773 345 1342 147 desdaing. Et lors dist a bertrand que dautant le

773 421 1373 142 Requeroit si lui accorda bertrad. La Recommenca la

776 481 1430 150 iouste sy aduint que de la premiere lance bertrand

776 557 1435 153 frappa brambroc de telle uertu quil lui faussa tout

778 631 1363 136 son hernois en telle maniere que le fer du glaiue

787 696 1402 150 lui trespassa le corps dont Il chai tout pasme sur

781 773 1399 130 le champ. quant bertran out le cheualr̃ abatu il

790 857 1353 131 saisi le destrier et tout monte sen uint mercier le

793 917 1350 136 duc et lui dist sire ie uins sur cy a un destrier

793 993 1455 128 et men uais a deux ur̃e mercy. La uint le herault

801 1067 1399 133 du duc et quant bertrand lapercent tantost lui

801 1143 1408 128 donna le destrier quil auoit conquis donc le duc

810 1209 1418 138 et sa cheualerie tindrent de lui tres grant hõneur

1155 1376 1008 153 Comme Messire bertrand

1271 1495 923 104 entra en la cite de Rennez

776 1665 246 237 D

1056 1659 1138 161 edens Rennez entra bertrand qui honnou

1039 1761 1195 147 rablement y fut Receu ⁊ festie celle Iournee

795 1840 1422 144 Mes enuiron le uespre fist le duc assaillir la cite

827 1911 1384 136 et en cel assaust furent tant englois et bretons

810 1982 1362 124 que ilz menerent un hault beffroy bien pres

821 2052 1376 117 des armes de la cite a la nuittie cessa lassaust

849 2123 1388 125 et mist le duc ou beffroy gens darmes et arba

855 2200 1419 102 lestiers pour le garder en esperance de lendemain

858 2259 1382 136 Recommencier lassaust par le beffroy. mes len

855 2319 1498 138 demain au point du iour par le conseil de bertrand

863 2404 1354 116 le boiteux de pennebroc le dit bertrand ⁊ grant

875 2472 1356 121 nombre de Renoiz qui le beffroy assaillirent

872 2542 1354 119 et les gardes occirent la fut le beffroy ars par

872 2605 1447 209 feu gregois donc lost fut tout esmeu ⁊ assaillirẽt

2565 336 1402 119 anglois aprement ceulx de Rennez qui yessus estoiẽt

2565 413 1408 110 la se deffendirent Rennoiz tres longuement en eulx

2565 489 1354 116 Retraiant et tant firent que sans Riens perdre Re

2560 569 697 93 entrerent dedens Rennez

2733 750 1155 122 d ce temps aprouchoit la saison diuer et

2504 712 241 324 A

2710 846 1226 99 moult esto le duc et les anglos trauaillies

2582 923 1351 93 du siege qui longuement auoit tenu ¶ Et uou

2565 996 1315 99 lentiers eust le duc leue le siege Mais il auoit

2565 1061 1417 94 Iure que Ia nen partiroit tant que son panon fust

2571 1135 1388 99 assis dessus la porte de la cite ¶ En la cite esto

2574 1206 1402 96 ient en grant douleur des uiures qui moult abais

2563 1277 1370 99 soient et bien sauoit bertran leserement que le duc

2563 1342 1419 99 auoit Iure sy fist assembler les cheualiers ⁊ barõs

2565 1424 1383 88 qui dedens Rennez estoient et par le conseil de ber

2563 1492 1404 79 trand fut aduise ⁊ ordonne que se le duc de lenca

2565 1557 1400 85 stre soy .x ͤ. ⟦u⟧ seulement uouloit entrer en Renez on

2571 1616 1382 88 lui ouurerent les portes et pour son serement ac

2568 1690 1442 91 quittier asserroit les panons dessus le portes Mais

2563 1755 1385 88 qui son siege leuast ¶ Ceste chose fist bertrand

2563 1823 1390 96 signifier au duc que debonnairement lottroya et

2565 1894 1417 99 accorda Respit de trois Iours pour auoir conseil

2565 1965 1448 104 sur ce par lordonnance de bertrand fut crie en Renez

2568 2038 1385 85 que lendemain au point du Iour chm̃in fust arme

2574 2103 1391 94 Et que tous uiures de pain de ble de chars et de

2565 2171 1397 102 poissons fussent mis sur les estaulx et fenestrages

2551 2222 1414 105 de la cite ¶ Tout ainssi comme bertrand le deuisa

2568 2299 1411 99 En ce point aucuns cheualr̃s anglois Conseillerẽt

2568 2367 1388 113 au duc que de ce ne feist Riens se plainemẽ la cite

2565 2432 1436 119 nestoit mise a son commandement et que ilz sauoiẽt

2565 2500 1380 113 bien que la cite estoit affamee Toutesuoies celle

2577 2573 1453 210 iournee le duc deuoit entrer en Rennez Sy se misa

4143 172 116 252 17
