4597 3413
725 401 1351 176 Chartres Et Illec fut fait laccord des royes Apres

739 469 1391 176 le traictie fait sen alla roy Edouart en poure estat en

742 617 245 125 son pais

1291 657 632 176 Du siege de becherel

748 830 179 262 E

915 813 1207 156 R ce temps fut en bretaigne charles de blois

918 878 1192 182 qui deliures estoit de prison et armer ne se

768 958 1416 176 pouoit Encontre le conte de montfort Charlengoit

768 1029 1388 165 la duchie pour la part du duc charles guerroit

768 1103 1362 182 Bertrand pres de dinam siet un chastel qui be

779 1163 1451 196 cherel est nommes qui de par charles le duc estoit

785 1325 187 91 tenus

731 1402 233 321 D

975 1424 1258 191 Euant Becherel mist le siege le Conte de mont

952 1515 1238 174 fort Acompaignie de Iehan chandois ⁊ Robert

816 1587 1334 170 Canolle et de grans cheualiers dengleterre et

805 1635 1482 202 de bretaigne et pluseurs fois le chastel fist asailir

810 1720 1394 179 Mais moult se tint Car bien fort fut ⁊ bien gar

813 1783 1391 179 ny de gens darmes qui bien se deffendoient Et

813 1854 1411 199 faut y fut que uiures abaissoient ou chastel le cha

822 1936 1357 177 stellain de becherel print auec le conte de mont

830 1999 1411 185 fort respit du chastel rendre se de charles nauoit

827 2064 1445 202 secours ¶ Tantost fist le chastelain sauoir le respit

839 2138 1402 177 que prins auoit audit charles qui en peu de temps

844 2201 1357 171 auant la iournee assembla grant cheualerie et brief

853 2261 1351 182 ment uint deuant Becherel pour le siege leuer et

853 2332 1343 179 anglois combatie. Mais la uindrent les euesques

839 2391 1405 200 de bretaigne qui moult furent desirans de mettre

870 2465 1388 188 aus entre les parties Et tant firent que entreulx

870 2525 1374 196 fut traittie en paix faisant que le duc charles et

879 2591 1345 258 le conte de montfort assembleroient acertain

2617 335 1371 125 iour leurs conseilz. Et a chescun deulx seroit baillie ces

2622 415 1349 105 nombre de uilles et chasteaux comme le conseil re

2619 489 1374 102 garderoit. et que chm̃n deulx porteroit nom de du

2619 554 1372 111 dune part ⁊ dautre fut ceste chose accordee Et sur ce

2622 620 1360 110 baillerent oustages et prindrent iour dassembler

2628 702 1360 100 Pour la partie du duc charles fut baillie bertrand

2628 767 1337 103 en ostaige au conte qui a garder le bailla a niesse

2622 827 1408 111 Guillaume folleton cheualier anglois Ainssy escha

2622 895 1386 123 perent le conte ⁊ les englois sans bataille a celle

2617 975 1339 111 fois et leur siege leuerent Mais au Iour que

2625 1043 1420 100 accorde auoit le Conte  ne autre ne uenit pour lui

2634 1117 1413 103 ¶ Et pour ce deliura le duc les ostages englois

2619 1191 1397 91 de la part au conte aussi deliura tous les ostaiges

2625 1254 1414 85 de charles excepte bertrand que moult haioit et

2625 1319 1440 108 le fist retenir et bien garder plus dun an demou

2628 1413 1371 71 ra bertrand apres la deliurance des autres o

2622 1470 1445 88 staiges et souuenteffois requieroit A guillẽ foleton

2628 1544 1411 82 quil le uoulist monstrer au conte que loy nauoit

2628 1595 1408 97 de le tenir puis que ses ostaiges estoient a plaine de

2631 1660 1445 100 liurance Et guillame qui bien recongnoissoit le tort

2634 1734 1442 103 que on lui faisoit en fut dolant, sy aduint un Iour

2631 1797 1434 111 que de ce il parla au conte qui lui respondi guillẽ

2628 1871 1391 94 dictes a bertrand que se Ii ne me fait serement que

2631 1942 1434 100 contre moy iamais ne se armera ia ne le deliureray

2634 1999 1411 111 Aincois lenuoieray en engleterre de ce fut guillẽ

2634 2079 1254 93 de foleton tres dolent et a bertrand le raconta

3106 2249 688 125 Comme messire bertrand

3151 2352 549 125 yessi de prison

2640 2417 203 218 Q

2813 2460 1192 125 uant bertrand sceut la uoulente du Conte

2856 2539 1209 180 enuoia un escuier en son pais et en un lieu

4170 170 116 137 21
