4648 3407
743 352 1400 156 fors de la uille. Tant fut lassault merueilleux et

755 431 1377 142 tant dura que moult y fina de cheualiers ⁊ de

749 491 1400 139 escuiers en cel assault fut bertrand gete de desẜ

758 570 1391 131 les murs de melun en la douue ⁋ Ceste chose

755 633 1394 156 aperceut le duc de normendie qui a force le fist

758 706 1377 134 traire de la douue et cuidoit on que bertrand

758 780 1360 142 fust mort dont grant duel demenoit le duc

772 848 1351 134 mes ne demoura pas grandement que la

769 919 1371 140 parolle lui cõmenca a uenir et demanda se na

775 996 1405 128 uarrois auoient le chastel rendu En ce point

777 1059 1383 147 enuoia la royne blance par deuers le duc et

777 1121 1426 148 lui rendit le chastel adoncques retourna le duc

789 1195 1411 145 a paris la donna abertrand la garde de pont

797 1314 205 122 orsson

1144 1399 917 207 Comme le roy de nauarre

1286 1541 806 142 fut a Cuureux

689 1702 323 305 E

1033 1731 1212 157 N ce temps estoit Acuureux le Roy de nauarre

1047 1825 1125 125 qui contre le duc de Normendie guerroit

837 1873 1366 142 Et a son aide ⟦et a son ai⟧ estoient uenu le captal

840 1939 1459 147 debeuf. mesẜ iehan ionel pierre de sacquainuille

829 2018 1385 134 et autres cheualiers denglet̾re de normendie

831 2095 1417 142 et de picardie qui le pais de normendie teno

837 2152 1448 144 ient depuis cuureux iusques et dillec a uernõ

837 2217 1477 150 et dautre part en la marche de beauuoisin estoient

834 2294 1497 133 est englois qui au long de la riuiere dize creel

846 2362 1385 139 et autres uilles et chasteaulx, et de par le dit

846 2418 1391 157 roy de nauarre guerroient Et a rolleboise

863 2489 1414 154 pres de mante estoient nauarrois en garnison

883 2555 1448 261 qui les destroiz de saine ⁊ les porcs gardoient

2603 315 1408 147 Tellement que a rouen ne descendoit par la riuiere

2617 423 1377 116 milles marchandises ⁋ Pour ce se esmurent

2612 496 1428 114 ceulx de Rouen et entrerent en la riuiere de ⟦Rouen⟧

2615 564 1357 111 saine a grant nauire et estoient nombres plus

2615 633 1348 108 de dix mille hommes qui deuant Roulleboise

2626 692 1408 128 mistrent siege et souuent lassaillirent mes fort

2626 775 1377 99 se deffendoient nauarrois pour ces nouuelles

2623 848 1369 97 uint bertran hastiuement au siege et en sa com

2620 914 1377 110 paignie auoit guillaume de lannoy et autres

2617 985 1414 105 cheualiers et escuiers de grant renon et de ceulx

2620 1056 1346 105 de rouen furent moult lies de iour en iour

2620 1132 1335 114 fist bertrand le chastel assaillir et engins

2623 1206 307 100 drechier

3066 1362 795 131 Du siege de rolleboise et

3199 1479 648 88 de la prinse de mante

2609 1556 253 224 L

2830 1564 1181 130 E siege durant bertrand ⁊ Guillẽ de lan

2839 1675 1158 90 noy furent a conseil par quelle uoie Ilz

2649 1748 1328 80 pourroient conquester mante qui uille fut

2640 1811 1371 91 riche forte et bien seante mes moult haioient

2640 1882 1357 96 francois, Si aduint que une uint secretem̃t

2646 1947 1346 97 partirent du siege bertrand ⁊ Guillẽ de

2646 2012 1348 108 lannoy et pres de mante ordonnerent un es

2649 2083 1331 105 guet, puis se mist guillaume de lannoy et

2657 2149 1360 93 autres francois en estat de uignerons et en

2660 2214 1337 111 uiron solail leuant aproucerent mante ou

2651 2277 1341 116 grant uinoble siet ⁋ Ceulx de mante qui

2663 2339 1354 122 penssoient que ce fussent uignerons qui en

2660 2399 1346 122 la place Ie uoulsissent alouer ouurirent les

2660 2475 1351 117 portes ⁋ Dedens la uille de mante entra

2654 2532 1372 224 guillaume qui sur le pont fist les portiers

4173 158 156 213 24
