4600 3398
776 339 1365 139 pres de lostel de guillaume qui en bretaigne estoit

770 413 1396 119 demourant, Amena lescuier des cheuaulx secrete

778 489 1352 128 ment au iour que bertrand lui auoit chargie

773 549 1439 144 A ce iour se leua bertrand matin et pour soy aller

781 622 1451 131 esbatre prinst le filz de fouleton qui ieunes fut

784 688 1493 141 et en maniere de esbatement alla tant bertrand

787 770 1399 121 quil uint au lieu ou ses cheuaulx estoient et

790 838 1413 144 dist a lenffant folleton. beau filz allez en lostel

793 911 1444 119 de urẽ pere moy recommander a lui et lui dtẽs

795 982 1391 147 que du conte ne de lui ne suys point prisõ

798 1044 1419 133 nier Mais trop longuement mont tenu a des

807 1118 1408 130 raison pour ce men pars Et lenffant uint en

801 1189 1422 130 lostel de son pere qui A lauenture fut bien do

801 1254 1411 139 lent pour la desplaisance du Conte qui bail

801 1350 691 119 lie lui auoit en garde

738 1520 267 300 T

982 1495 1238 170 ant cheuauca bertrand quil uint A guin

959 1597 1275 147 gant on receu fut a grant ioie la lui fut

821 1665 1473 144 dit Comme anglois ⁊ nauarrois guerreoiẽt

821 1735 1405 156 france de par le Roy de nauarre donc se

821 1809 1450 142 uoult partir de guingant pour uenir en france

838 1874 1388 150 Mes ceulx de gingant firent les portes fer

844 1948 1390 136 mer et distrent a bertrand Sire pres de cy

841 2021 1393 136 est pestien et autres chasteaulx que tient

841 2095 1368 142 dauid hollegnienne chlr̃ englois qui la

846 2163 1380 124 uicontesse de Rohan A espouse et tient la

849 2220 1394 150 part du conte de montfort par ces cha

852 2287 1428 151 steaulx est gingant moult greue ⁊ lepais

858 2367 1382 139 dentour ¶ Pour ce puis que dieu uous

861 2435 1390 124 a cy auiene uous prions par courtoisie et

866 2494 1388 150 pour le nostre que deuant pestien uuilliez

878 2559 1371 187 mettre siege et cerctes uous le deuez bien

2611 305 1428 139 faire et nous sommes cy aprestes de uous liurer de

2628 393 1340 119 niers et tous estoiremens pour le siege mettre

2625 461 1459 122 Ceste chose conuint que bertrand accordast a ceulx

2622 538 1428 113 de gingant qui de la uille ne le uouloient autre

2622 617 1377 107 ment laissier aller donc il lui desplaisoit

2628 685 1368 93 et briefment yessi de gingant en grant arroy

2628 750 1397 110 et alla assegier pestien landemain matin fist

2625 824 1465 90 bertrand assaillir le chastel, la estoit un escuier

2625 894 1354 105 chastellain qui moult coutraliet ceulx de

2625 965 1408 111 gingant et leur faisoit de grans durtes car

2631 1033 1385 96 quant il les prenoit il leur faisoit creuer

2628 1104 1513 107 les yeux ou coupper un bras puis les enuoioit

2631 1180 1436 91 pour ce furent ceulx de gingant moult desirans

2639 1245 1391 100 du chastel auoir ¶ durement assaillirent

2634 1325 1382 82 ceulx de gingant et lescuier qui le chastel a

2639 1387 1386 96 uoit fort garny bien le deffendoit Mez en la

2631 1455 1433 93 fin fut le baille prins dassault. quant le bail

2634 1529 1385 82 le fut prins bertrand manda a seurte le cha

2637 1585 1421 97 stellain qui au baille auoit fait tant de uail

2637 1659 1376 82 lance que merueilles estoit a uoix debonna

2639 1721 1357 94 rement lui dist bertrand ¶ Chastellain

2637 1792 1450 88 uous uoies que le chastel ne pouez plus tenir

2631 1849 1430 113 rendez le par courtoisie a ma mercy, A ce point

2637 1917 1430 107 acoururent ceulx de gingant qui le chastel

2639 1990 1442 111 lain haioient et distrent a bertrand pour dieu

2639 2064 1363 93 sire ne uuilliez traictier, Car tost aurons le

2637 2123 1441 119 chastel Et a doncques ferons de ce felon cha

2603 2180 671 107 stellain nr̃e plaisir

2609 2266 255 254 B

2835 2276 1255 173 ertrand qui la prouuesce du chastellain

2855 2395 1144 108 auoit ueu lui dist chastellain te nes

2642 2438 1388 141 bons riens du conte de montfort A ce lui res

2645 2523 1445 266 pondi le chastellain. Sire a uous rens Ie

4175 161 158 127 22
