<?xml version="1.0" encoding="UTF-8"?>
<alto xmlns:xsi="http://www.w3.org/2001/XMLSchema-instance"
      xmlns="http://www.loc.gov/standards/alto/ns-v4#"
      xsi:schemaLocation="http://www.loc.gov/standards/alto/ns-v4# http://www.loc.gov/standards/alto/v4/alto-4-2.xsd">
  <Description>
    <MeasurementUnit>pixel</MeasurementUnit>
    <sourceImageInformation>
      <fileName>btv1b90069505_f20.jpg</fileName>
      
    </sourceImageInformation>
  </Description>
  
  <Tags>
    <OtherTag ID="BT3855" LABEL="TitlePageZone" DESCRIPTION="block type TitlePageZone"/><OtherTag ID="BT3854" LABEL="TableZone" DESCRIPTION="block type TableZone"/><OtherTag ID="BT3853" LABEL="SealZone" DESCRIPTION="block type SealZone"/><OtherTag ID="BT3852" LABEL="MainZone" DESCRIPTION="block type MainZone"/><OtherTag ID="BT3851" LABEL="QuireMarksZone" DESCRIPTION="block type QuireMarksZone"/><OtherTag ID="BT3850" LABEL="NumberingZone" DESCRIPTION="block type NumberingZone"/><OtherTag ID="BT3849" LABEL="DropCapitalZone" DESCRIPTION="block type DropCapitalZone"/><OtherTag ID="BT3848" LABEL="DigitizationArtefactZone" DESCRIPTION="block type DigitizationArtefactZone"/><OtherTag ID="BT3847" LABEL="StampZone" DESCRIPTION="block type StampZone"/><OtherTag ID="BT3846" LABEL="MusicZone" DESCRIPTION="block type MusicZone"/><OtherTag ID="BT3845" LABEL="MarginTextZone" DESCRIPTION="block type MarginTextZone"/><OtherTag ID="BT3844" LABEL="GraphicZone" DESCRIPTION="block type GraphicZone"/><OtherTag ID="BT3843" LABEL="RunningTitleZone" DESCRIPTION="block type RunningTitleZone"/><OtherTag ID="BT3842" LABEL="MainZone#2" DESCRIPTION="block type MainZone#2"/><OtherTag ID="BT3841" LABEL="MainZone#1" DESCRIPTION="block type MainZone#1"/><OtherTag ID="BT3840" LABEL="DamageZone" DESCRIPTION="block type DamageZone"/>
    <OtherTag ID="LT1303" LABEL="MusicLine" DESCRIPTION="line type MusicLine"/><OtherTag ID="LT1302" LABEL="InterlinearLine" DESCRIPTION="line type InterlinearLine"/><OtherTag ID="LT1301" LABEL="HeadingLine" DESCRIPTION="line type HeadingLine"/><OtherTag ID="LT1300" LABEL="DropCapitalLine" DESCRIPTION="line type DropCapitalLine"/><OtherTag ID="LT1299" LABEL="DefaultLine" DESCRIPTION="line type DefaultLine"/>
  </Tags>
  
  <Layout>
    <Page WIDTH="4582"
          HEIGHT="3408"
          PHYSICAL_IMG_NR="3"
          ID="eSc_dummypage_">
      <PrintSpace HPOS="0"
                  VPOS="0"
                  WIDTH="4582"
                  HEIGHT="3408">
        
        <TextBlock HPOS="795"
                   VPOS="273"
                   WIDTH="1561"
                   HEIGHT="2529"
                   ID="eSc_textblock_434335e1"
                   TAGREFS="BT3852">
          <Shape><Polygon POINTS="795 320 856 2802 2356 2754 2295 273"/></Shape>
          
          
          <TextLine ID="eSc_line_d78bf11c"
                    TAGREFS="LT1299"
                    BASELINE="815 488 1795 443" 
                    HPOS="815"
                    VPOS="374"
                    WIDTH="980"
                    HEIGHT="145">
            <Shape><Polygon POINTS="1749 374 1673 389 1636 374 1633 374 1604 374 1576 377 1573 377 1536 391 1505 377 1491 377 1462 377 1460 377 1306 408 1255 383 1252 383 1249 383 1144 406 1068 391 1065 391 1062 391 1025 408 1008 394 1005 394 1002 394 999 394 997 394 994 394 960 426 869 428 824 445 840 479 818 482 815 488 815 514 891 502 909 514 917 519 920 519 923 519 926 519 1107 511 1110 511 1113 511 1119 505 1141 485 1241 482 1320 497 1343 499 1346 499 1380 494 1479 474 1508 488 1514 491 1516 491 1519 491 1522 491 1525 491 1528 488 1562 465 1627 462 1761 462 1789 477 1795 443 1792 406 1775 389"/></Shape>
	    <String CONTENT="en la fin diceulx quarante iours"
                    HPOS="815"
                    VPOS="374"
                    WIDTH="980"
                    HEIGHT="145"></String>
          </TextLine>

          
          
          <TextLine ID="eSc_line_18c379df"
                    TAGREFS="LT1301"
                    BASELINE="1173 604 2238 556" 
                    HPOS="1167"
                    VPOS="488"
                    WIDTH="1071"
                    HEIGHT="145">
            <Shape><Polygon POINTS="2218 497 2190 494 2161 494 2141 491 1954 488 1951 488 1948 488 1911 508 1900 514 1869 511 1795 502 1792 502 1698 519 1664 525 1653 522 1610 502 1607 502 1604 502 1431 533 1406 536 1391 533 1292 516 1289 516 1286 516 1283 516 1252 542 1249 545 1167 545 1173 604 1173 633 1735 593 1755 599 1775 607 1778 607 1781 607 1874 593 1925 585 1957 587 2042 596 2045 596 2048 596 2050 596 2050 593 2065 579 2068 576 2238 568 2238 556 2229 508 2218 497"/></Shape>
	    <String CONTENT="Comme unes trieues pendans"
                    HPOS="1167"
                    VPOS="488"
                    WIDTH="1071"
                    HEIGHT="145"></String>
          </TextLine>

          
          
          <TextLine ID="eSc_line_1a17a63a"
                    TAGREFS="LT1301"
                    BASELINE="1275 678 2207 621" 
                    HPOS="1269"
                    VPOS="559"
                    WIDTH="938"
                    HEIGHT="128">
            <Shape><Polygon POINTS="2150 562 2121 562 2093 565 2065 565 2036 568 2008 568 1979 570 1951 570 1923 573 1894 573 1866 573 1837 576 1835 576 1798 585 1783 587 1775 587 1747 579 1724 582 1710 582 1673 593 1670 593 1667 593 1613 585 1610 587 1582 587 1568 587 1357 613 1326 602 1323 602 1320 602 1318 602 1269 619 1275 678 1275 687 1738 675 1832 656 1843 656 1846 656 1874 667 1877 667 1880 667 2204 633 2207 621 2198 559 2170 559 2150 562"/></Shape>
	    <String CONTENT="fut prins Messire Oliuier du"
                    HPOS="1269"
                    VPOS="559"
                    WIDTH="938"
                    HEIGHT="128"></String>
          </TextLine>

          
          
          <TextLine ID="eSc_line_7891f1fd"
                    TAGREFS="LT1301"
                    BASELINE="1275 752 2184 707" 
                    HPOS="1269"
                    VPOS="636"
                    WIDTH="915"
                    HEIGHT="150">
            <Shape><Polygon POINTS="1951 639 1937 639 1889 656 1852 644 1837 644 1812 644 1732 664 1718 667 1707 667 1644 656 1639 658 1610 658 1599 658 1585 673 1582 673 1579 673 1528 661 1525 664 1497 667 1468 667 1465 667 1426 681 1420 684 1269 687 1275 752 1275 786 1539 775 1542 775 1559 769 1616 749 1656 761 1673 766 1675 766 1678 766 1681 766 1698 758 1732 738 1849 735 1866 746 1872 749 1874 749 1877 749 1880 749 1883 749 1886 749 1886 746 1891 744 1903 732 1974 732 1985 735 1999 746 2002 746 2005 746 2008 746 2011 746 2014 746 2014 744 2016 744 2022 732 2028 727 2065 729 2144 738 2147 738 2150 738 2184 721 2184 707 2178 644 1971 636 1951 639"/></Shape>
	    <String CONTENT="guesclin cheualier. de nom"
                    HPOS="1269"
                    VPOS="636"
                    WIDTH="915"
                    HEIGHT="150"></String>
          </TextLine>

          
          
          <TextLine ID="eSc_line_57917515"
                    TAGREFS="LT1299"
                    BASELINE="789 1016 1020 1008" 
                    HPOS="775"
                    VPOS="712"
                    WIDTH="244"
                    HEIGHT="333">
            <Shape><Polygon POINTS="806 843 798 727 775 718 786 1013 786 1045 1019 1016 1019 1005 1005 746 974 746 962 741 926 712 923 712 920 712 917 712 914 712 880 729 846 749 809 732 806 843"/></Shape>
	    <String CONTENT="D"
                    HPOS="775"
                    VPOS="712"
                    WIDTH="244"
                    HEIGHT="333"></String>
          </TextLine>

          
          
          <TextLine ID="eSc_line_2d539030"
                    TAGREFS="LT1299"
                    BASELINE="1019 891 2164 852" 
                    HPOS="1011"
                    VPOS="772"
                    WIDTH="1150"
                    HEIGHT="142">
            <Shape><Polygon POINTS="1016 888 1016 914 2161 863 2161 852 2156 798 1982 772 1979 772 1840 798 1798 806 1775 800 1738 786 1735 786 1732 786 1729 786 1693 800 1684 803 1673 800 1633 783 1630 783 1627 783 1624 783 1576 800 1536 817 1292 820 1269 803 1266 800 1264 800 1261 800 1258 800 1255 800 1249 803 1204 823 1124 815 1122 815 1119 815 1090 829 1062 803 1059 803 1056 803 1053 803 1011 803 1016 888"/></Shape>
	    <String CONTENT="urans les trieues aduint que Oliuier"
                    HPOS="1011"
                    VPOS="772"
                    WIDTH="1150"
                    HEIGHT="142"></String>
          </TextLine>

          
          
          <TextLine ID="eSc_line_d3d08044"
                    TAGREFS="LT1299"
                    BASELINE="1018 987 2197 924" 
                    HPOS="1011"
                    VPOS="837"
                    WIDTH="1184"
                    HEIGHT="162">
            <Shape><Polygon POINTS="2147 854 2119 854 2090 854 2082 857 2073 860 2053 860 2022 857 2005 857 1977 860 1948 860 1920 860 1906 860 1903 866 1900 869 1889 866 1877 863 1863 863 1835 863 1806 866 1798 869 1783 874 1778 869 1772 866 1749 866 1721 866 1690 874 1647 886 1479 888 1460 883 1443 874 1437 877 1417 877 1391 883 1340 897 1301 888 1275 883 1272 883 1269 883 1266 883 1258 888 1235 905 1113 911 1011 900 1016 985 1016 999 2195 937 2195 923 2190 852 2156 837 2153 837 2150 837 2147 837 2147 854"/></Shape>
	    <String CONTENT="duguiesclin frere mainsne de bertrand"
                    HPOS="1011"
                    VPOS="837"
                    WIDTH="1184"
                    HEIGHT="162"></String>
          </TextLine>

          
          
          <TextLine ID="eSc_line_1b3bc5fe"
                    TAGREFS="LT1299"
                    BASELINE="852 1062 2246 982" 
                    HPOS="849"
                    VPOS="920"
                    WIDTH="1397"
                    HEIGHT="167">
            <Shape><Polygon POINTS="2150 920 2121 923 2093 923 2065 925 2053 925 2014 934 1991 940 1985 937 1974 928 1954 931 1943 931 1908 942 1891 945 1872 942 1820 937 1812 937 1783 940 1778 940 1752 951 1744 957 1400 974 1397 974 1372 959 1357 962 1329 962 1301 965 1272 965 1247 965 1244 965 1167 985 1053 976 1051 976 974 988 962 1013 934 1013 906 1013 877 1016 849 1016 852 1062 852 1076 948 1087 951 1087 1085 1065 1107 1062 1110 1065 1127 1076 1130 1076 1133 1076 1136 1076 1326 1053 1369 1047 1383 1050 1431 1059 1434 1059 1437 1059 1440 1059 1462 1045 1468 1042 1497 1042 1596 1050 1599 1050 1602 1050 1639 1036 1653 1030 1693 1033 1786 1039 1789 1039 1891 1022 1945 1013 1974 1016 2019 1025 2022 1025 2025 1025 2028 1025 2042 1013 2048 1011 2059 1013 2093 1022 2096 1022 2099 1022 2102 1022 2130 1011 2147 1002 2241 1002 2246 982 2241 923 2170 920 2150 920"/></Shape>
	    <String CONTENT="fut yessu hors de dynam pour soy aller esbatre"
                    HPOS="849"
                    VPOS="920"
                    WIDTH="1397"
                    HEIGHT="167"></String>
          </TextLine>

          
          
          <TextLine ID="eSc_line_2b7a06f1"
                    TAGREFS="LT1299"
                    BASELINE="837 1133 2238 1059" 
                    HPOS="832"
                    VPOS="988"
                    WIDTH="1406"
                    HEIGHT="170">
            <Shape><Polygon POINTS="1735 1013 1650 1025 1522 1045 1497 1036 1474 1028 1471 1028 1468 1028 1465 1028 1434 1039 1411 1047 1360 1045 1261 1039 1258 1039 1252 1039 1215 1053 1198 1062 1184 1056 1170 1050 1167 1050 1164 1050 1039 1067 982 1073 974 1070 940 1059 917 1059 832 1079 837 1133 837 1158 1107 1133 1230 1138 1264 1138 1266 1138 2238 1073 2238 1059 2229 988 2090 1013 2068 996 2065 996 2062 996 2059 996 2042 999 1954 1019 1917 1008 1906 1005 1903 1005 1900 1005 1897 1005 1883 1011 1835 1028 1769 1016 1738 1013 1735 1013"/></Shape>
	    <String CONTENT="la fut recontre de Thommas de contourbie chlr̃"
                    HPOS="832"
                    VPOS="988"
                    WIDTH="1406"
                    HEIGHT="170"></String>
          </TextLine>

          
          
          <TextLine ID="eSc_line_06697eb3"
                    TAGREFS="LT1299"
                    BASELINE="837 1207 2187 1136" 
                    HPOS="832"
                    VPOS="1082"
                    WIDTH="1355"
                    HEIGHT="147">
            <Shape><Polygon POINTS="1684 1090 1681 1090 1678 1090 1633 1110 1630 1110 1627 1110 1593 1096 1590 1096 1587 1096 1585 1096 1514 1116 1508 1116 1497 1116 1363 1107 1360 1107 1357 1107 1309 1127 1190 1133 1008 1141 991 1127 988 1127 985 1127 982 1127 832 1150 837 1207 837 1229 1275 1195 1326 1204 1360 1207 1363 1207 1366 1207 1394 1198 1437 1187 1576 1187 1752 1187 1755 1187 1758 1187 1803 1172 1823 1167 1860 1170 1954 1175 1957 1175 1960 1175 1962 1175 1962 1172 1965 1172 1974 1161 1977 1158 2005 1158 2130 1167 2133 1167 2136 1167 2187 1147 2187 1136 2178 1082 1684 1087 1684 1090"/></Shape>
	    <String CONTENT="englois qui moult orguilleusement le print et"
                    HPOS="832"
                    VPOS="1082"
                    WIDTH="1355"
                    HEIGHT="147"></String>
          </TextLine>

          
          
          <TextLine ID="eSc_line_706c96be"
                    TAGREFS="LT1299"
                    BASELINE="840 1275 2255 1198" 
                    HPOS="835"
                    VPOS="1127"
                    WIDTH="1420"
                    HEIGHT="165">
            <Shape><Polygon POINTS="2170 1138 2144 1138 1940 1161 1914 1150 1914 1153 1897 1153 1883 1164 1860 1153 1857 1155 1829 1155 1800 1158 1772 1158 1752 1158 1675 1178 1556 1181 1545 1175 1536 1170 1516 1172 1488 1172 1460 1175 1431 1175 1403 1178 1374 1181 1369 1187 1363 1189 1354 1189 1320 1181 1318 1184 1289 1184 1261 1187 1258 1187 1221 1198 1207 1201 1198 1198 1173 1189 1147 1192 1130 1192 1102 1207 1099 1207 1076 1207 886 1204 863 1207 843 1207 835 1215 840 1275 840 1292 1477 1252 1695 1252 1724 1252 1727 1252 1729 1252 1732 1252 1758 1238 1818 1246 1820 1246 1823 1246 1826 1246 1829 1246 1846 1229 2255 1224 2255 1198 2246 1127 2170 1133 2170 1138"/></Shape>
	    <String CONTENT="Retint prisonnier Cil thommas estoit armes soy"
                    HPOS="835"
                    VPOS="1127"
                    WIDTH="1420"
                    HEIGHT="165"></String>
          </TextLine>

          
          
          <TextLine ID="eSc_line_c3b58195"
                    TAGREFS="LT1299"
                    BASELINE="852 1343 2235 1269" 
                    HPOS="846"
                    VPOS="1201"
                    WIDTH="1389"
                    HEIGHT="165">
            <Shape><Polygon POINTS="2181 1204 2153 1204 2144 1204 2068 1221 2065 1221 2059 1221 1889 1218 1869 1221 1840 1221 1812 1224 1809 1224 1792 1235 1789 1235 1786 1235 1764 1224 1755 1226 1727 1229 1724 1229 1704 1238 1695 1243 1474 1252 1462 1249 1445 1241 1443 1243 1414 1246 1386 1246 1360 1252 1323 1260 1289 1255 1266 1252 1244 1255 1215 1255 1210 1255 1193 1260 1161 1269 1124 1263 1102 1260 1073 1263 1053 1263 1053 1266 1034 1278 846 1278 852 1343 852 1354 903 1366 906 1366 2235 1280 2235 1269 2229 1212 2192 1201 2181 1204"/></Shape>
	    <String CONTENT=".ui ͨ. et demanda a oliuier qui desarmes estoit"
                    HPOS="846"
                    VPOS="1201"
                    WIDTH="1389"
                    HEIGHT="165"></String>
          </TextLine>

          
          
          <TextLine ID="eSc_line_8a236a6d"
                    TAGREFS="LT1299"
                    BASELINE="840 1408 2266 1340" 
                    HPOS="837"
                    VPOS="1269"
                    WIDTH="1429"
                    HEIGHT="156">
            <Shape><Polygon POINTS="2227 1272 2210 1272 2119 1289 2053 1280 2028 1280 2019 1280 2002 1295 1934 1286 1914 1289 1886 1289 1846 1303 1766 1295 1744 1297 1721 1297 1712 1309 1690 1297 1687 1300 1658 1300 1644 1312 1627 1303 1602 1303 1593 1303 1579 1314 1533 1306 1516 1309 1494 1309 1485 1320 1426 1314 1403 1314 1380 1314 1366 1329 849 1351 837 1363 840 1408 840 1425 2266 1363 2266 1340 2261 1283 2232 1269 2227 1272"/></Shape>
	    <String CONTENT="de quelle parente Il esto au cheualier respondi"
                    HPOS="837"
                    VPOS="1269"
                    WIDTH="1429"
                    HEIGHT="156"></String>
          </TextLine>

          
          
          <TextLine ID="eSc_line_c9f3cf28"
                    TAGREFS="LT1299"
                    BASELINE="852 1491 2238 1414" 
                    HPOS="846"
                    VPOS="1360"
                    WIDTH="1392"
                    HEIGHT="145">
            <Shape><Polygon POINTS="1783 1366 1769 1366 1542 1391 1525 1380 1522 1380 1519 1380 1516 1380 1514 1380 1511 1380 1511 1383 1508 1383 1497 1397 1434 1385 1431 1385 1428 1385 1426 1385 1406 1402 1221 1397 1218 1397 1215 1397 1153 1417 1056 1408 1053 1408 943 1428 903 1414 900 1414 897 1414 894 1414 846 1431 852 1491 852 1505 2235 1425 2238 1414 2229 1360 1783 1363 1783 1366"/></Shape>
	    <String CONTENT="Oliuier que freres estoit de Bertran qui trieues"
                    HPOS="846"
                    VPOS="1360"
                    WIDTH="1392"
                    HEIGHT="145"></String>
          </TextLine>

          
          
          <TextLine ID="eSc_line_935793c7"
                    TAGREFS="LT1299"
                    BASELINE="863 1556 2261 1479" 
                    HPOS="857"
                    VPOS="1417"
                    WIDTH="1404"
                    HEIGHT="153">
            <Shape><Polygon POINTS="2249 1462 2224 1422 2181 1417 2164 1420 2136 1420 2107 1422 2079 1425 2050 1425 2022 1428 1994 1428 1965 1431 1960 1431 1707 1454 1582 1462 1568 1459 1551 1454 1539 1454 1511 1456 1494 1456 1460 1465 1428 1471 1408 1465 1394 1462 1369 1462 1349 1462 1315 1471 1269 1479 1230 1473 1212 1471 1198 1473 1170 1473 1147 1473 1139 1479 1113 1488 1093 1482 1085 1476 1085 1479 1056 1479 1028 1482 999 1485 971 1485 943 1488 914 1488 906 1488 886 1491 883 1491 857 1491 863 1556 863 1570 2261 1491 2261 1479 2255 1437 2249 1462"/></Shape>
	    <String CONTENT="auoit prinses auec le duc de lencastre. oultra"
                    HPOS="857"
                    VPOS="1417"
                    WIDTH="1404"
                    HEIGHT="153"></String>
          </TextLine>

          
          
          <TextLine ID="eSc_line_c80ef4d4"
                    TAGREFS="LT1299"
                    BASELINE="866 1618 2266 1553" 
                    HPOS="863"
                    VPOS="1496"
                    WIDTH="1403"
                    HEIGHT="142">
            <Shape><Polygon POINTS="2255 1547 2229 1496 1996 1496 1968 1496 1940 1499 1911 1499 1883 1502 1854 1502 1826 1505 1806 1505 1775 1516 1721 1510 1712 1510 1684 1513 1656 1513 1644 1513 1633 1522 1622 1516 1599 1516 1570 1519 1556 1519 1508 1527 1494 1522 1485 1522 1457 1525 1440 1525 1434 1530 1383 1527 1372 1530 1343 1530 1315 1533 1286 1533 1258 1536 1230 1536 1204 1536 1195 1544 1039 1550 1031 1547 1031 1547 1002 1550 974 1550 945 1553 917 1553 891 1553 863 1559 866 1618 866 1638 2266 1567 2266 1553 2261 1496 2258 1496 2255 1547"/></Shape>
	    <String CONTENT="geusement lui respondi le cheualr̃ englois que"
                    HPOS="863"
                    VPOS="1496"
                    WIDTH="1403"
                    HEIGHT="142"></String>
          </TextLine>

          
          
          <TextLine ID="eSc_line_7d62dafb"
                    TAGREFS="LT1299"
                    BASELINE="863 1681 1434 1667 1798 1635 2229 1618" 
                    HPOS="857"
                    VPOS="1556"
                    WIDTH="1372"
                    HEIGHT="148">
            <Shape><Polygon POINTS="2192 1559 2173 1559 2150 1559 2136 1562 2121 1562 2085 1562 2079 1564 2070 1564 1266 1610 1238 1607 1221 1604 1198 1604 1170 1604 1144 1604 1139 1610 1127 1615 1082 1613 1045 1610 1031 1613 1002 1613 974 1615 945 1615 917 1618 897 1618 857 1624 863 1681 863 1689 988 1704 991 1704 1079 1684 1664 1675 1667 1675 1724 1658 1877 1667 1880 1667 1883 1667 1886 1667 1886 1664 1889 1664 1903 1644 2229 1630 2229 1618 2224 1556 2215 1556 2192 1559"/></Shape>
	    <String CONTENT="de bertrand ne tenoit conte et que sans cause de"
                    HPOS="857"
                    VPOS="1556"
                    WIDTH="1372"
                    HEIGHT="148"></String>
          </TextLine>

          
          
          <TextLine ID="eSc_line_4c71d370"
                    TAGREFS="LT1299"
                    BASELINE="869 1757 2235 1684" 
                    HPOS="863"
                    VPOS="1618"
                    WIDTH="1372"
                    HEIGHT="165">
            <Shape><Polygon POINTS="2227 1621 2198 1621 2170 1621 2141 1624 2113 1624 2085 1627 2056 1627 2028 1627 1999 1630 1988 1630 1962 1641 1931 1633 1925 1630 1914 1633 1891 1633 1857 1650 1650 1658 1587 1652 1573 1655 1545 1658 1516 1661 1488 1664 1482 1669 1281 1678 1235 1672 1232 1672 1204 1675 1176 1675 1147 1675 1141 1675 1113 1686 1048 1678 1034 1678 1008 1678 962 1695 863 1684 869 1757 869 1783 2235 1709 2235 1684 2227 1618 2227 1621"/></Shape>
	    <String CONTENT="lui et de ses cruaultes couroit grande renõmee"
                    HPOS="863"
                    VPOS="1618"
                    WIDTH="1372"
                    HEIGHT="165"></String>
          </TextLine>

          
          
          <TextLine ID="eSc_line_70178ae0"
                    TAGREFS="LT1299"
                    BASELINE="869 1823 1315 1811 2323 1746" 
                    HPOS="863"
                    VPOS="1686"
                    WIDTH="1460"
                    HEIGHT="171">
            <Shape><Polygon POINTS="2312 1701 2306 1695 2210 1698 2195 1686 2175 1686 2161 1701 2102 1692 2085 1692 2065 1692 2031 1706 2022 1712 1883 1718 1874 1715 1849 1706 1829 1706 1806 1706 1735 1721 1690 1729 1656 1726 1604 1721 1602 1721 1599 1721 1570 1729 1545 1738 1437 1738 1309 1735 1306 1735 1258 1746 1204 1760 863 1763 869 1823 872 1857 920 1837 2323 1769 2323 1746 2320 1740 2312 1701"/></Shape>
	    <String CONTENT="par la terre Ces nouuelles uindrent a bertrand"
                    HPOS="863"
                    VPOS="1686"
                    WIDTH="1460"
                    HEIGHT="171"></String>
          </TextLine>

          
          
          <TextLine ID="eSc_line_5bbfa678"
                    TAGREFS="LT1299"
                    BASELINE="877 1897 2298 1826" 
                    HPOS="872"
                    VPOS="1757"
                    WIDTH="1426"
                    HEIGHT="157">
            <Shape><Polygon POINTS="2295 1820 2272 1769 2136 1757 2121 1760 2093 1763 2070 1763 1843 1792 1835 1792 1832 1792 1800 1780 1781 1783 1752 1783 1724 1786 1701 1786 1616 1803 1604 1806 1522 1806 1514 1800 1497 1800 1468 1803 1448 1803 1437 1809 1426 1806 1411 1806 1383 1809 1354 1811 1326 1811 1309 1817 1306 1820 1147 1826 1144 1826 1124 1817 1099 1817 1070 1820 1068 1820 1042 1831 1039 1831 1036 1831 1022 1820 1014 1820 999 1820 982 1834 977 1837 872 1837 877 1897 877 1914 2298 1848 2298 1826 2295 1817 2295 1820"/></Shape>
	    <String CONTENT="qui hastiuement se parti et alla par deus le duc"
                    HPOS="872"
                    VPOS="1757"
                    WIDTH="1426"
                    HEIGHT="157"></String>
          </TextLine>

          
          
          <TextLine ID="eSc_line_211aee7d"
                    TAGREFS="LT1299"
                    BASELINE="877 1965 2266 1905" 
                    HPOS="874"
                    VPOS="1834"
                    WIDTH="1392"
                    HEIGHT="151">
            <Shape><Polygon POINTS="2121 1837 2119 1837 2050 1854 2033 1840 2014 1840 1977 1854 1948 1846 1923 1846 1869 1865 1863 1865 1843 1865 1712 1857 1695 1857 1667 1860 1647 1860 1604 1874 1593 1877 1548 1877 1406 1871 1383 1874 1380 1874 1335 1885 1315 1888 1306 1885 1286 1877 1269 1880 1249 1880 1215 1888 1204 1891 1198 1888 1184 1882 1156 1885 1144 1885 1136 1891 1124 1897 1079 1894 1042 1888 1042 1891 1014 1891 985 1894 957 1894 928 1897 906 1897 874 1899 877 1965 877 1985 1451 1973 1522 1959 1539 1956 1556 1956 1636 1965 1639 1965 1641 1965 1675 1951 1687 1948 1712 1951 1800 1959 1803 1959 1917 1939 1943 1936 1951 1939 1982 1951 1985 1951 1988 1951 1991 1951 1994 1951 2016 1936 2022 1931 2266 1922 2266 1905 2261 1851 2141 1834 2121 1837"/></Shape>
	    <String CONTENT="de lencastre faire plainte de ceste chose le duc"
                    HPOS="874"
                    VPOS="1834"
                    WIDTH="1392"
                    HEIGHT="151"></String>
          </TextLine>

          
          
          <TextLine ID="eSc_line_c93e89e6"
                    TAGREFS="LT1299"
                    BASELINE="894 2047 2266 1973" 
                    HPOS="889"
                    VPOS="1914"
                    WIDTH="1377"
                    HEIGHT="153">
            <Shape><Polygon POINTS="2053 1917 2025 1917 1999 1917 1988 1931 1985 1931 1979 1931 1920 1919 1911 1922 1900 1922 1897 1922 1886 1936 1886 1939 1786 1942 1781 1942 1749 1928 1747 1928 1744 1928 1641 1948 1627 1951 1622 1951 1579 1936 1576 1936 1573 1936 1570 1936 1525 1953 1519 1956 1505 1956 1417 1945 1414 1945 1411 1945 1366 1962 1363 1965 1360 1965 1335 1951 1332 1951 1329 1951 1326 1951 1266 1968 1255 1973 1093 1979 1087 1979 1053 1965 1051 1965 1048 1965 889 1988 894 2047 894 2067 2264 1985 2266 1973 2261 1917 2073 1914 2053 1917"/></Shape>
	    <String CONTENT="qui fut moult iustes cheualier et loyal lui pro"
                    HPOS="889"
                    VPOS="1914"
                    WIDTH="1377"
                    HEIGHT="153"></String>
          </TextLine>

          
          
          <TextLine ID="eSc_line_44fb67f7"
                    TAGREFS="LT1299"
                    BASELINE="891 2115 2255 2044" 
                    HPOS="886"
                    VPOS="1976"
                    WIDTH="1369"
                    HEIGHT="156">
            <Shape><Polygon POINTS="2221 1976 2025 1999 1906 1993 1880 1996 1852 1996 1823 1999 1795 1999 1783 1999 1781 2002 1755 2013 1741 2005 1735 2002 1710 2005 1704 2005 1701 2013 1684 2007 1681 2005 1681 2007 1653 2007 1641 2007 1641 2010 1627 2019 1616 2010 1596 2010 1568 2013 1539 2013 1511 2016 1482 2016 1454 2019 1426 2019 1397 2022 1394 2022 1286 2033 1156 2044 1147 2041 1136 2036 1113 2036 1085 2039 1056 2039 1028 2041 999 2041 980 2041 971 2053 968 2056 886 2056 891 2115 891 2132 2255 2064 2255 2044 2246 1976 2221 1976"/></Shape>
	    <String CONTENT="mist faire iustice de faire iustice tantost fut"
                    HPOS="886"
                    VPOS="1976"
                    WIDTH="1369"
                    HEIGHT="156"></String>
          </TextLine>

          
          
          <TextLine ID="eSc_line_330bcc3e"
                    TAGREFS="LT1299"
                    BASELINE="894 2189 2229 2121" 
                    HPOS="889"
                    VPOS="2053"
                    WIDTH="1340"
                    HEIGHT="150">
            <Shape><Polygon POINTS="2093 2053 2065 2067 1954 2061 1951 2061 1948 2061 1945 2061 1945 2064 1943 2064 1934 2078 1931 2081 1917 2078 1826 2067 1818 2067 1818 2070 1815 2070 1806 2081 1778 2070 1775 2070 1772 2070 1769 2070 1727 2087 1712 2093 1701 2090 1661 2076 1658 2076 1656 2076 1650 2076 1619 2093 1613 2095 1587 2095 1531 2090 1528 2090 1525 2090 1505 2098 1491 2104 1479 2098 1457 2087 1443 2087 1428 2101 1423 2107 1414 2101 1389 2090 1372 2093 1369 2093 1340 2104 1320 2112 1283 2107 1221 2098 1201 2098 1139 2115 1087 2127 889 2127 894 2189 894 2203 2229 2132 2229 2121 2224 2064 2104 2053 2093 2053"/></Shape>
	    <String CONTENT="mande le cheualier englois auquel le duc"
                    HPOS="889"
                    VPOS="2053"
                    WIDTH="1340"
                    HEIGHT="150"></String>
          </TextLine>

          
          
          <TextLine ID="eSc_line_c276cfe8"
                    TAGREFS="LT1299"
                    BASELINE="894 2246 1519 2232 2241 2186" 
                    HPOS="891"
                    VPOS="2124"
                    WIDTH="1350"
                    HEIGHT="159">
            <Shape><Polygon POINTS="2110 2130 2104 2130 2059 2130 2053 2132 2042 2132 2011 2132 1996 2135 1977 2135 1960 2135 1940 2138 1914 2138 1908 2138 1883 2141 1854 2141 1826 2144 1798 2144 1769 2147 1741 2147 1712 2149 1684 2149 1656 2152 1627 2152 1599 2155 1570 2155 1542 2158 1514 2158 1485 2161 1457 2161 1428 2164 1400 2164 1372 2166 1343 2166 1315 2169 1286 2169 1258 2172 1230 2172 1201 2175 1173 2175 1144 2178 1116 2178 1090 2181 1062 2181 1034 2183 1005 2186 977 2186 948 2189 920 2189 891 2189 894 2246 897 2283 974 2263 1002 2277 1005 2277 1008 2277 1011 2277 1014 2277 1051 2257 1073 2272 1076 2272 1079 2272 1082 2272 1085 2272 1167 2252 1320 2257 1389 2260 1391 2260 1488 2249 1551 2240 1593 2240 1693 2246 1695 2246 1772 2232 1826 2218 2014 2215 2019 2215 2068 2229 2070 2229 2073 2229 2076 2229 2079 2229 2104 2209 2107 2206 2241 2201 2241 2186 2235 2124 2110 2127 2110 2130"/></Shape>
	    <String CONTENT="dist que de lui se plaignoit bertran pour"
                    HPOS="891"
                    VPOS="2124"
                    WIDTH="1350"
                    HEIGHT="159"></String>
          </TextLine>

          
          
          <TextLine ID="eSc_line_007a83a4"
                    TAGREFS="LT1299"
                    BASELINE="900 2323 2275 2252" 
                    HPOS="894"
                    VPOS="2192"
                    WIDTH="1381"
                    HEIGHT="145">
            <Shape><Polygon POINTS="1690 2223 1684 2223 1633 2223 1633 2226 1604 2229 1579 2229 1570 2229 1548 2232 1525 2232 1511 2232 1491 2235 1471 2235 894 2263 900 2323 900 2337 2275 2269 2275 2252 2266 2192 1695 2220 1690 2223"/></Shape>
	    <String CONTENT="Oliuier son frere que prmͦis cuioit durans les"
                    HPOS="894"
                    VPOS="2192"
                    WIDTH="1381"
                    HEIGHT="145"></String>
          </TextLine>

          
          
          <TextLine ID="eSc_line_1dbdec1e"
                    TAGREFS="LT1299"
                    BASELINE="900 2388 1434 2371 2221 2320" 
                    HPOS="894"
                    VPOS="2257"
                    WIDTH="1327"
                    HEIGHT="148">
            <Shape><Polygon POINTS="2201 2257 2187 2257 2139 2272 1940 2269 1917 2272 1889 2274 1860 2274 1818 2291 1514 2306 1289 2303 1266 2303 1266 2306 1249 2320 1212 2306 1207 2308 1193 2308 1150 2325 894 2323 900 2388 900 2405 1576 2385 1775 2360 1798 2357 1818 2357 2042 2360 2045 2360 2221 2331 2221 2320 2210 2257 2201 2257"/></Shape>
	    <String CONTENT="trieues le cheualier qui orguilleux fut et"
                    HPOS="894"
                    VPOS="2257"
                    WIDTH="1327"
                    HEIGHT="148"></String>
          </TextLine>

          
          
          <TextLine ID="eSc_line_8dedb30e"
                    TAGREFS="LT1299"
                    BASELINE="900 2459 2292 2388" 
                    HPOS="894"
                    VPOS="2320"
                    WIDTH="1398"
                    HEIGHT="173">
            <Shape><Polygon POINTS="2286 2345 2278 2323 2201 2320 2201 2323 2173 2325 2156 2325 2150 2331 2136 2340 2124 2331 2119 2325 2116 2328 2087 2331 2062 2331 2050 2334 1991 2348 1829 2345 1803 2348 1775 2351 1747 2351 1718 2354 1704 2354 1698 2362 1667 2357 1661 2357 1633 2360 1604 2362 1576 2362 1542 2371 1519 2365 1519 2368 1491 2368 1462 2371 1434 2371 1406 2374 1391 2374 1377 2379 1337 2374 1320 2377 1292 2377 1264 2377 1235 2379 1218 2379 1193 2388 1181 2379 1178 2379 1150 2382 1122 2382 1102 2382 1045 2394 943 2388 923 2388 920 2385 894 2385 900 2459 903 2493 965 2473 1099 2482 1119 2482 1122 2482 1124 2482 1133 2479 1184 2462 1403 2462 1499 2462 1502 2462 1505 2462 1508 2462 1514 2456 1525 2445 1545 2453 1562 2459 1565 2459 1568 2459 1633 2448 1698 2436 1712 2442 1729 2450 1732 2450 1735 2450 1738 2450 1741 2450 1741 2448 1749 2439 1758 2433 1812 2436 1900 2442 1903 2442 1906 2442 1908 2442 1908 2439 1920 2431 1925 2425 1974 2425 2079 2431 2082 2431 2085 2431 2116 2416 2127 2414 2141 2416 2192 2425 2195 2425 2292 2405 2292 2388 2286 2325 2283 2323 2286 2345"/></Shape>
	    <String CONTENT="felon respondi au duc que se bertran uouloit"
                    HPOS="894"
                    VPOS="2320"
                    WIDTH="1398"
                    HEIGHT="173"></String>
          </TextLine>

          
          
          <TextLine ID="eSc_line_edd70695"
                    TAGREFS="LT1299"
                    BASELINE="917 2524 1264 2519 2249 2456" 
                    HPOS="914"
                    VPOS="2396"
                    WIDTH="1335"
                    HEIGHT="148">
            <Shape><Polygon POINTS="2133 2396 2104 2396 2099 2408 2008 2402 1991 2405 1977 2405 1960 2419 1928 2408 1906 2408 1866 2425 1863 2425 1781 2414 1764 2416 1761 2416 1732 2431 1687 2419 1678 2422 1664 2422 1624 2439 1622 2439 1607 2439 1343 2439 1340 2439 1141 2467 1130 2467 1127 2467 1093 2453 1090 2453 1087 2453 914 2479 917 2524 917 2544 1230 2530 1238 2530 1289 2541 1292 2541 1295 2541 1349 2524 1363 2521 1374 2524 1434 2533 1437 2533 1440 2533 1491 2516 1497 2516 1519 2516 1695 2519 1698 2519 1701 2519 1704 2519 1704 2516 1718 2504 1732 2504 1940 2504 1943 2504 2249 2473 2249 2456 2244 2402 2150 2396 2133 2396"/></Shape>
	    <String CONTENT="maintenir que aucune chose eust fc̃e donc"
                    HPOS="914"
                    VPOS="2396"
                    WIDTH="1335"
                    HEIGHT="148"></String>
          </TextLine>

          
          
          <TextLine ID="eSc_line_8625c4f1"
                    TAGREFS="LT1299"
                    BASELINE="917 2601 2286 2527" 
                    HPOS="911"
                    VPOS="2453"
                    WIDTH="1375"
                    HEIGHT="168">
            <Shape><Polygon POINTS="2161 2462 2133 2465 2127 2465 2014 2485 1897 2479 1877 2482 1866 2482 1843 2493 1823 2482 1820 2485 1792 2487 1764 2487 1761 2487 1698 2502 1653 2493 1650 2496 1622 2496 1593 2499 1565 2502 1536 2502 1525 2502 1434 2519 911 2530 917 2601 917 2618 1022 2607 1065 2612 1110 2621 1113 2621 1116 2621 1119 2621 1119 2618 1130 2609 1136 2601 1150 2609 1170 2618 1173 2618 1176 2618 1286 2612 1289 2612 1326 2598 1343 2592 1349 2598 1357 2607 1360 2607 1363 2607 1366 2607 1451 2592 1508 2581 1539 2587 1599 2595 1602 2595 1604 2595 1607 2595 1630 2581 1639 2575 1667 2578 1729 2587 1732 2587 1735 2587 1738 2587 1752 2573 1758 2570 1781 2573 1860 2581 1863 2581 1866 2581 1908 2564 1920 2561 1960 2561 2124 2567 2127 2567 2130 2567 2178 2550 2192 2544 2286 2544 2286 2527 2275 2453 2224 2473 2187 2462 2161 2462"/></Shape>
	    <String CONTENT="Il deust recepuoir blasme il disoit que il mẽ"
                    HPOS="911"
                    VPOS="2453"
                    WIDTH="1375"
                    HEIGHT="168"></String>
          </TextLine>

          
          
          <TextLine ID="eSc_line_66742cfb"
                    TAGREFS="LT1299"
                    BASELINE="917 2663 1366 2655 2224 2598" 
                    HPOS="911"
                    VPOS="2533"
                    WIDTH="1313"
                    HEIGHT="147">
            <Shape><Polygon POINTS="2190 2533 2121 2550 2093 2538 2076 2538 2065 2538 2016 2556 1962 2544 1962 2547 1934 2547 1906 2550 1894 2550 1866 2564 1837 2553 1820 2553 1795 2553 1766 2570 1744 2558 1741 2558 1738 2558 1565 2581 1533 2570 1508 2570 1494 2570 1457 2590 1357 2592 1323 2578 1309 2581 1298 2581 1281 2598 1210 2601 1176 2587 1167 2590 1139 2590 1127 2590 1051 2609 943 2598 940 2601 937 2598 911 2598 917 2663 917 2680 2082 2632 2221 2609 2224 2598 2212 2533 2190 2533"/></Shape>
	    <String CONTENT="toit et sur ce ietoit son gaige de bataille. L"
                    HPOS="911"
                    VPOS="2533"
                    WIDTH="1313"
                    HEIGHT="147"></String>
          </TextLine>

          
          
          <TextLine ID="eSc_line_a035f75c"
                    TAGREFS="LT1299"
                    BASELINE="934 2734 2261 2663" 
                    HPOS="928"
                    VPOS="2604"
                    WIDTH="1333"
                    HEIGHT="218">
            <Shape><Polygon POINTS="1525 2646 1514 2646 1471 2646 1468 2649 1440 2652 1414 2652 1403 2652 1383 2655 1354 2658 1326 2658 1318 2658 928 2678 934 2734 937 2822 1039 2820 1042 2820 1045 2820 1051 2814 1122 2771 1227 2797 1278 2808 1281 2808 1465 2800 1505 2797 1508 2797 1511 2797 1553 2763 1585 2740 1639 2751 1641 2751 1644 2751 1735 2717 1806 2726 1809 2726 1812 2726 1863 2712 1911 2726 1920 2729 1923 2729 1925 2729 1928 2729 1945 2723 1999 2700 2261 2689 2261 2663 2252 2604 1536 2644 1525 2646"/></Shape>
	    <String CONTENT="estoit bertrand qui Sans mot dire leua"
                    HPOS="928"
                    VPOS="2604"
                    WIDTH="1333"
                    HEIGHT="218"></String>
          </TextLine>

          
        </TextBlock>
        
        <TextBlock HPOS="2594"
                   VPOS="290"
                   WIDTH="1495"
                   HEIGHT="2395"
                   ID="eSc_textblock_77ba8718"
                   TAGREFS="BT3852">
          <Shape><Polygon POINTS="2594 290 2594 2685 4089 2685 4089 290"/></Shape>
          
          
          <TextLine ID="eSc_line_87445248"
                    TAGREFS="LT1299"
                    BASELINE="2633 434 4042 414" 
                    HPOS="2633"
                    VPOS="332"
                    WIDTH="1409"
                    HEIGHT="119">
            <Shape><Polygon POINTS="4025 352 3806 357 3795 355 3741 332 3738 332 3636 332 3633 332 3630 332 3627 332 3601 349 3539 337 3539 340 3511 340 3482 343 3474 343 3431 360 3423 363 3420 360 3397 343 3397 346 3369 346 3340 346 3317 346 3306 360 3252 363 3198 366 3192 363 3175 352 3170 355 3141 355 3113 355 3084 357 3056 357 3028 357 2999 360 2994 360 2982 369 2979 369 2957 369 2894 363 2886 363 2857 366 2829 366 2800 366 2772 369 2744 369 2715 369 2687 372 2673 372 2656 372 2636 406 2633 434 2633 451 4042 426 4042 414 4033 360 4025 352"/></Shape>
	    <String CONTENT="li gaige. puis dist deuant le duc faulx cheualier traitre"
                    HPOS="2633"
                    VPOS="332"
                    WIDTH="1409"
                    HEIGHT="119"></String>
          </TextLine>

          
          
          <TextLine ID="eSc_line_f27d873b"
                    TAGREFS="LT1299"
                    BASELINE="2638 499 4070 479" 
                    HPOS="2636"
                    VPOS="423"
                    WIDTH="1434"
                    HEIGHT="99">
            <Shape><Polygon POINTS="3431 426 3403 426 3374 426 3346 426 3317 426 3289 426 3261 426 3232 428 3204 428 3178 428 3045 440 3036 440 3030 440 2920 431 2891 431 2863 431 2843 431 2636 445 2638 499 2638 522 4070 499 4070 479 4064 426 3451 423 3431 426"/></Shape>
	    <String CONTENT="et desloyal. Ie prouueray deuant le duc. que a tort sans"
                    HPOS="2636"
                    VPOS="423"
                    WIDTH="1434"
                    HEIGHT="99"></String>
          </TextLine>

          
          
          <TextLine ID="eSc_line_ee126e61"
                    TAGREFS="LT1299"
                    BASELINE="2647 576 3996 553" 
                    HPOS="2644"
                    VPOS="482"
                    WIDTH="1352"
                    HEIGHT="120">
            <Shape><Polygon POINTS="3837 485 3809 485 3783 499 3539 499 3508 488 3496 488 3479 488 3394 502 3241 491 3241 494 3212 494 3184 494 3175 494 3107 508 3059 494 3042 497 3013 497 2843 511 2817 497 2815 499 2786 499 2644 516 2647 576 2647 587 2809 602 2812 602 2815 602 2849 587 2857 585 2883 587 2979 599 2982 599 2985 599 2988 599 3005 585 3013 582 3048 585 3136 596 3138 596 3141 596 3178 585 3198 579 3993 579 3996 553 3991 497 3857 482 3837 485"/></Shape>
	    <String CONTENT="achoison mauuaisement auez detenu mon frere en"
                    HPOS="2644"
                    VPOS="482"
                    WIDTH="1352"
                    HEIGHT="120"></String>
          </TextLine>

          
          
          <TextLine ID="eSc_line_1b103e36"
                    TAGREFS="LT1299"
                    BASELINE="2641 650 4039 621" 
                    HPOS="2638"
                    VPOS="562"
                    WIDTH="1401"
                    HEIGHT="113">
            <Shape><Polygon POINTS="3462 565 3434 565 3405 565 3377 565 3349 565 3320 565 3312 579 3309 579 3246 568 3235 568 3221 568 3192 582 3190 582 3181 582 3090 570 3065 570 3036 570 3028 570 2789 590 2772 590 2763 590 2661 576 2658 576 2656 576 2653 576 2638 585 2641 650 2641 661 2766 675 2769 675 2917 658 2923 658 2928 658 3195 667 3198 667 3201 667 3258 653 3755 656 3758 656 4039 636 4039 621 4033 565 3482 562 3462 565"/></Shape>
	    <String CONTENT="uoz prisons. Sur ces poins fut le gaige Iugie et Iour"
                    HPOS="2638"
                    VPOS="562"
                    WIDTH="1401"
                    HEIGHT="113"></String>
          </TextLine>

          
          
          <TextLine ID="eSc_line_53adc51a"
                    TAGREFS="LT1299"
                    BASELINE="2650 718 4045 692" 
                    HPOS="2647"
                    VPOS="624"
                    WIDTH="1398"
                    HEIGHT="120">
            <Shape><Polygon POINTS="3897 627 3886 627 3877 639 3843 627 3840 627 3812 627 3795 627 3576 644 3550 633 3528 633 3496 644 3437 636 3414 636 3411 636 3397 647 3320 639 3300 639 3272 639 3252 639 3229 650 3059 641 3045 644 3016 644 2988 644 2959 644 2931 644 2903 647 2886 647 2795 658 2735 650 2732 650 2704 650 2675 650 2647 661 2650 718 2650 729 2800 744 2803 744 2948 727 2959 727 2968 727 3110 738 3113 738 4045 710 4045 692 4039 639 3922 624 3897 627"/></Shape>
	    <String CONTENT="em prins deuant le duc et le capitaine de dinan"
                    HPOS="2647"
                    VPOS="624"
                    WIDTH="1398"
                    HEIGHT="120"></String>
          </TextLine>

          
          
          <TextLine ID="eSc_line_2519c04a"
                    TAGREFS="LT1299"
                    BASELINE="2647 786 3999 758" 
                    HPOS="2644"
                    VPOS="701"
                    WIDTH="1355"
                    HEIGHT="108">
            <Shape><Polygon POINTS="2647 786 2647 798 2911 809 2914 809 2917 809 2948 795 2951 795 3005 806 3008 806 3011 806 3059 792 3067 792 3082 792 3181 803 3184 803 3187 803 3212 792 3218 786 3999 778 3999 758 3991 701 2644 729 2647 786"/></Shape>
	    <String CONTENT="donc ceulx de dinam furent en grant esmoy pour"
                    HPOS="2644"
                    VPOS="701"
                    WIDTH="1355"
                    HEIGHT="108"></String>
          </TextLine>

          
          
          <TextLine ID="eSc_line_7e58a026"
                    TAGREFS="LT1299"
                    BASELINE="2650 854 4053 832" 
                    HPOS="2647"
                    VPOS="761"
                    WIDTH="1406"
                    HEIGHT="116">
            <Shape><Polygon POINTS="3894 761 3820 775 3817 775 3815 775 3726 763 3726 766 3698 766 3687 766 3661 778 3658 781 2647 786 2650 854 2650 877 4053 852 4053 832 4047 775 3897 761 3894 761"/></Shape>
	    <String CONTENT="doubte de bertrand que tant amoient ⁋ A dinan"
                    HPOS="2647"
                    VPOS="761"
                    WIDTH="1406"
                    HEIGHT="116"></String>
          </TextLine>

          
          
          <TextLine ID="eSc_line_4bc8ae48"
                    TAGREFS="LT1299"
                    BASELINE="2647 917 4013 897" 
                    HPOS="2644"
                    VPOS="843"
                    WIDTH="1369"
                    HEIGHT="105">
            <Shape><Polygon POINTS="3496 843 3468 843 3440 843 3411 843 3383 843 3354 843 3326 846 3298 846 3269 846 3241 846 3212 846 3184 846 3155 849 3127 849 3099 849 3070 849 3042 849 3013 849 2985 852 2957 852 2928 852 2900 852 2871 852 2843 852 2815 854 2786 854 2758 854 2732 854 2644 860 2647 917 2647 934 2803 948 2806 948 2809 948 2840 931 2846 931 2974 931 3002 931 3028 945 3030 945 3033 945 3036 945 3039 945 3087 928 3090 928 3093 928 3204 942 3207 942 3209 942 3252 925 3258 925 3423 940 3425 940 3428 940 3431 940 3431 937 3434 937 3445 923 3491 937 3494 937 3496 937 3621 920 3624 920 3806 934 3809 934 3812 934 3815 934 3815 931 3817 931 3826 920 3962 931 3965 931 3968 931 4013 911 4013 897 4008 843 3525 843 3496 843"/></Shape>
	    <String CONTENT="auoit une damoiselle de grant paraige appelle thi"
                    HPOS="2644"
                    VPOS="843"
                    WIDTH="1369"
                    HEIGHT="105"></String>
          </TextLine>

          
          
          <TextLine ID="eSc_line_4119f267"
                    TAGREFS="LT1299"
                    BASELINE="2647 994 3942 971" 
                    HPOS="2644"
                    VPOS="908"
                    WIDTH="1298"
                    HEIGHT="117">
            <Shape><Polygon POINTS="2650 1025 2690 1008 2900 1016 2965 1019 2968 1019 2971 1019 2982 1013 3008 1002 3227 1008 3420 1011 3423 1011 3502 996 3530 994 3550 996 3613 1008 3616 1008 3942 982 3942 971 3937 920 3636 908 3633 908 3630 908 3627 908 3610 923 3607 925 2644 931 2647 994"/></Shape>
	    <String CONTENT="phaine Ragnerel a agie denuiron .xxiiii. ans"
                    HPOS="2644"
                    VPOS="908"
                    WIDTH="1298"
                    HEIGHT="117"></String>
          </TextLine>

          
          
          <TextLine ID="eSc_line_8c6b3c52"
                    TAGREFS="LT1299"
                    BASELINE="2644 1067 4042 1042" 
                    HPOS="2641"
                    VPOS="982"
                    WIDTH="1401"
                    HEIGHT="105">
            <Shape><Polygon POINTS="3425 982 3423 982 3420 982 3397 999 3394 999 3386 999 3309 985 3306 985 3303 985 3258 1002 3249 1002 3218 1002 3030 991 3028 991 2951 1008 2937 1008 2920 1008 2789 994 2786 994 2641 1011 2644 1067 2644 1079 3079 1087 3082 1087 4042 1056 4042 1042 4036 988 3428 982 3425 982"/></Shape>
	    <String CONTENT="Celle demoiselle auoit en estronomie grant congno"
                    HPOS="2641"
                    VPOS="982"
                    WIDTH="1401"
                    HEIGHT="105"></String>
          </TextLine>

          
          
          <TextLine ID="eSc_line_789ac57b"
                    TAGREFS="LT1299"
                    BASELINE="2656 1133 4073 1116" 
                    HPOS="2653"
                    VPOS="1047"
                    WIDTH="1420"
                    HEIGHT="106">
            <Shape><Polygon POINTS="4064 1062 4011 1047 4008 1047 4005 1047 4002 1047 3948 1062 3880 1047 3877 1047 3874 1047 3829 1065 3599 1050 3596 1050 3593 1050 3547 1067 3502 1053 3499 1053 3496 1053 3238 1070 3198 1059 3192 1059 3167 1059 3084 1073 2951 1062 2937 1065 2908 1065 2880 1065 2874 1065 2857 1076 2758 1067 2738 1067 2709 1067 2681 1067 2675 1067 2653 1076 2656 1133 2656 1153 3366 1138 3411 1141 3547 1150 3550 1150 3553 1150 3596 1138 3604 1136 3636 1136 3815 1147 3817 1147 4073 1127 4073 1116 4070 1087 4064 1062"/></Shape>
	    <String CONTENT="issance. Et quant elle entendi la plainte que faisoiẽt"
                    HPOS="2653"
                    VPOS="1047"
                    WIDTH="1420"
                    HEIGHT="106"></String>
          </TextLine>

          
          
          <TextLine ID="eSc_line_daa152b5"
                    TAGREFS="LT1299"
                    BASELINE="2647 1201 4013 1181" 
                    HPOS="2644"
                    VPOS="1118"
                    WIDTH="1369"
                    HEIGHT="94">
            <Shape><Polygon POINTS="3979 1118 3951 1118 3922 1118 3894 1118 3866 1118 3837 1118 3809 1121 3780 1121 3752 1121 3724 1121 3695 1121 3667 1121 3638 1121 3610 1121 3582 1124 3553 1124 3525 1124 3496 1124 3468 1124 3440 1124 3411 1124 3383 1124 3354 1127 3326 1127 3298 1127 3269 1127 3241 1127 3212 1127 3184 1127 3155 1127 3127 1127 3099 1130 3087 1130 3045 1136 3022 1138 2999 1138 2903 1130 2900 1130 2871 1133 2854 1133 2837 1141 2834 1141 2826 1141 2744 1133 2729 1133 2701 1133 2644 1144 2647 1201 2647 1212 4011 1201 4013 1181 4005 1118 3979 1118"/></Shape>
	    <String CONTENT="ceulx de dynam pour bertrand elle les reconforta"
                    HPOS="2644"
                    VPOS="1118"
                    WIDTH="1369"
                    HEIGHT="94"></String>
          </TextLine>

          
          
          <TextLine ID="eSc_line_17f2af9d"
                    TAGREFS="LT1299"
                    BASELINE="2653 1263 4050 1241" 
                    HPOS="2650"
                    VPOS="1189"
                    WIDTH="1400"
                    HEIGHT="94">
            <Shape><Polygon POINTS="3019 1198 2994 1198 2834 1198 2820 1201 2792 1201 2763 1201 2735 1201 2707 1201 2678 1201 2650 1201 2653 1263 2653 1283 4047 1263 4050 1241 4042 1189 3019 1195 3019 1198"/></Shape>
	    <String CONTENT="et dist que ce sauoit elle certainement que bertrand au"
                    HPOS="2650"
                    VPOS="1189"
                    WIDTH="1400"
                    HEIGHT="94"></String>
          </TextLine>

          
          
          <TextLine ID="eSc_line_96ae7194"
                    TAGREFS="LT1299"
                    BASELINE="2653 1331 4099 1312" 
                    HPOS="2650"
                    VPOS="1255"
                    WIDTH="1449"
                    HEIGHT="105">
            <Shape><Polygon POINTS="3161 1258 3133 1258 3104 1258 3076 1258 3048 1258 3019 1258 2991 1260 2962 1260 2957 1260 2650 1275 2653 1331 2653 1360 2857 1343 4099 1340 4099 1312 4087 1255 3184 1255 3161 1258"/></Shape>
	    <String CONTENT="roit uictoire un iour du gaiete entrerent dedens dinan"
                    HPOS="2650"
                    VPOS="1255"
                    WIDTH="1449"
                    HEIGHT="105"></String>
          </TextLine>

          
          
          <TextLine ID="eSc_line_512fc012"
                    TAGREFS="LT1299"
                    BASELINE="2653 1402 4019 1383" 
                    HPOS="2650"
                    VPOS="1323"
                    WIDTH="1369"
                    HEIGHT="102">
            <Shape><Polygon POINTS="3445 1323 3417 1323 3400 1323 3357 1331 3334 1334 3266 1331 3127 1326 3104 1326 3076 1326 3048 1329 3042 1329 3036 1334 3028 1340 2996 1334 2954 1329 2934 1329 2906 1329 2877 1329 2849 1331 2834 1331 2829 1337 2820 1343 2795 1337 2766 1331 2763 1331 2735 1331 2724 1331 2650 1337 2653 1402 2653 1411 2775 1425 2778 1425 4019 1402 4019 1383 4011 1326 3530 1331 3511 1329 3471 1323 3445 1323"/></Shape>
	    <String CONTENT="le duc de lencastre et autres cheualiers iusques au"
                    HPOS="2650"
                    VPOS="1323"
                    WIDTH="1369"
                    HEIGHT="102"></String>
          </TextLine>

          
          
          <TextLine ID="eSc_line_05a91f19"
                    TAGREFS="LT1299"
                    BASELINE="2658 1468 4050 1459" 
                    HPOS="2656"
                    VPOS="1391"
                    WIDTH="1394"
                    HEIGHT="88">
            <Shape><Polygon POINTS="4025 1397 4013 1391 4011 1391 4008 1391 3931 1405 3843 1391 3840 1391 3601 1408 3562 1411 3394 1411 3391 1405 3377 1394 3374 1394 3371 1394 3369 1394 3201 1405 3110 1411 2656 1405 2658 1468 2658 1476 4047 1479 4050 1459 4047 1442 4025 1397"/></Shape>
	    <String CONTENT="nombre de cent pour le champ tenir la furent ber"
                    HPOS="2656"
                    VPOS="1391"
                    WIDTH="1394"
                    HEIGHT="88"></String>
          </TextLine>

          
          
          <TextLine ID="eSc_line_52491359"
                    TAGREFS="LT1299"
                    BASELINE="2650 1533 4045 1533" 
                    HPOS="2650"
                    VPOS="1473"
                    WIDTH="1395"
                    HEIGHT="74">
            <Shape><Polygon POINTS="2650 1533 2650 1547 4045 1544 4045 1533 4042 1473 2650 1473 2650 1533"/></Shape>
	    <String CONTENT="trand ⁊ le cheualier. Et de la partie du cheualier"
                    HPOS="2650"
                    VPOS="1473"
                    WIDTH="1395"
                    HEIGHT="74"></String>
          </TextLine>

          
          
          <TextLine ID="eSc_line_014f169c"
                    TAGREFS="LT1299"
                    BASELINE="2653 1590 4036 1596" 
                    HPOS="2650"
                    VPOS="1536"
                    WIDTH="1386"
                    HEIGHT="77">
            <Shape><Polygon POINTS="4016 1536 3988 1536 3959 1536 3931 1536 3903 1536 3874 1536 3846 1536 3817 1536 3789 1536 3761 1536 3732 1536 3704 1536 3675 1536 3647 1536 3619 1536 3590 1536 3562 1536 3533 1536 3505 1536 3476 1536 3448 1536 3420 1536 3391 1536 3363 1536 3334 1536 3306 1536 3278 1536 3249 1536 3221 1536 3192 1536 3164 1536 3136 1536 3107 1536 3079 1536 3050 1536 3022 1536 2994 1536 2965 1536 2937 1536 2908 1536 2880 1536 2852 1536 2823 1536 2795 1536 2766 1536 2738 1536 2709 1536 2681 1536 2653 1536 2653 1590 2650 1613 4033 1610 4036 1596 4030 1536 4016 1536"/></Shape>
	    <String CONTENT="englois fut parle a bertrand de traictier Mais tant"
                    HPOS="2650"
                    VPOS="1536"
                    WIDTH="1386"
                    HEIGHT="77"></String>
          </TextLine>

          
          
          <TextLine ID="eSc_line_df1a39eb"
                    TAGREFS="LT1299"
                    BASELINE="2650 1661 4033 1667" 
                    HPOS="2647"
                    VPOS="1601"
                    WIDTH="1386"
                    HEIGHT="91">
            <Shape><Polygon POINTS="2650 1661 2647 1684 3280 1672 3309 1681 3340 1692 3343 1692 3346 1692 3417 1681 3445 1675 3451 1681 3462 1689 3465 1689 3468 1689 3471 1689 3670 1678 3721 1675 3755 1675 3922 1689 3925 1689 4030 1672 4033 1667 4030 1607 2650 1601 2650 1661"/></Shape>
	    <String CONTENT="fut desirant bertrand desirant du cheualier com"
                    HPOS="2647"
                    VPOS="1601"
                    WIDTH="1386"
                    HEIGHT="91"></String>
          </TextLine>

          
          
          <TextLine ID="eSc_line_6dbcceac"
                    TAGREFS="LT1299"
                    BASELINE="2653 1732 3999 1732" 
                    HPOS="2653"
                    VPOS="1664"
                    WIDTH="1346"
                    HEIGHT="91">
            <Shape><Polygon POINTS="3959 1667 3931 1667 3903 1675 3778 1667 3761 1667 3732 1667 3704 1667 3675 1667 3647 1667 3619 1667 3610 1667 3488 1675 3454 1667 3448 1667 3420 1667 3397 1667 3354 1675 3332 1664 3306 1664 3278 1664 3249 1664 3221 1664 3192 1664 3164 1664 3136 1664 3107 1664 3079 1664 3050 1664 3022 1664 2994 1664 2965 1664 2959 1664 2942 1678 2653 1678 2653 1732 2653 1740 3996 1755 3999 1732 3999 1675 3974 1667 3959 1667"/></Shape>
	    <String CONTENT="batre que accort ne uoulloit faire Se du tout le"
                    HPOS="2653"
                    VPOS="1664"
                    WIDTH="1346"
                    HEIGHT="91"></String>
          </TextLine>

          
          
          <TextLine ID="eSc_line_7b405ffa"
                    TAGREFS="LT1299"
                    BASELINE="2653 1803 4053 1803" 
                    HPOS="2653"
                    VPOS="1732"
                    WIDTH="1400"
                    HEIGHT="91">
            <Shape><Polygon POINTS="3988 1735 3959 1735 3931 1735 3903 1735 3874 1735 3846 1735 3817 1735 3789 1735 3761 1735 3732 1735 3704 1735 3675 1735 3647 1735 3619 1735 3590 1735 3582 1735 2653 1738 2653 1803 2653 1820 4050 1823 4053 1803 4050 1732 3988 1732 3988 1735"/></Shape>
	    <String CONTENT="Cheualier ne se rendoit en mercy. Ce refusa le che"
                    HPOS="2653"
                    VPOS="1732"
                    WIDTH="1400"
                    HEIGHT="91"></String>
          </TextLine>

          
          
          <TextLine ID="eSc_line_dacfa160"
                    TAGREFS="LT1299"
                    BASELINE="2658 1865 4008 1874" 
                    HPOS="2656"
                    VPOS="1806"
                    WIDTH="1352"
                    HEIGHT="76">
            <Shape><Polygon POINTS="2658 1865 2656 1880 4002 1882 4008 1874 4002 1806 2658 1809 2658 1865"/></Shape>
	    <String CONTENT="ualier A tant cessa le parlement Et fut le gaige"
                    HPOS="2656"
                    VPOS="1806"
                    WIDTH="1352"
                    HEIGHT="76"></String>
          </TextLine>

          
          
          <TextLine ID="eSc_line_5d76ba3a"
                    TAGREFS="LT1299"
                    BASELINE="2661 1931 4033 1936" 
                    HPOS="2658"
                    VPOS="1877"
                    WIDTH="1375"
                    HEIGHT="82">
            <Shape><Polygon POINTS="2661 1931 2658 1942 2684 1956 2687 1956 2690 1956 3158 1948 3315 1945 4028 1959 4033 1936 4030 1882 2661 1877 2661 1931"/></Shape>
	    <String CONTENT="crie lors monterent sur leurs destries Et de lance"
                    HPOS="2658"
                    VPOS="1877"
                    WIDTH="1375"
                    HEIGHT="82"></String>
          </TextLine>

          
          
          <TextLine ID="eSc_line_8dffc323"
                    TAGREFS="LT1299"
                    BASELINE="2656 2007 4002 2002" 
                    HPOS="2653"
                    VPOS="1934"
                    WIDTH="1349"
                    HEIGHT="93">
            <Shape><Polygon POINTS="3846 1936 3829 1936 3786 1948 3783 1948 3780 1948 3704 1936 3704 1936 3675 1936 3670 1936 3624 1948 3619 1948 3596 1948 3423 1936 3420 1936 3391 1936 3363 1936 3354 1934 3258 1945 3207 1953 3073 1953 3067 1945 3059 1939 3059 1936 3056 1936 3053 1936 3050 1936 3008 1945 2979 1951 2653 1945 2656 2007 2656 2022 3996 2027 4002 2002 3996 1951 3868 1936 3846 1936"/></Shape>
	    <String CONTENT="combatirent longuement Mais peu se meffirent"
                    HPOS="2653"
                    VPOS="1934"
                    WIDTH="1349"
                    HEIGHT="93"></String>
          </TextLine>

          
          
          <TextLine ID="eSc_line_5082cc7e"
                    TAGREFS="LT1299"
                    BASELINE="2653 2070 4030 2081" 
                    HPOS="2650"
                    VPOS="2005"
                    WIDTH="1380"
                    HEIGHT="96">
            <Shape><Polygon POINTS="3306 2007 3278 2007 3258 2007 3099 2019 3076 2019 3067 2019 3019 2007 2994 2007 2968 2007 2934 2016 2931 2016 2883 2007 2880 2007 2852 2007 2823 2007 2795 2007 2769 2007 2653 2013 2653 2070 2650 2081 4025 2101 4030 2081 4028 2027 3922 2010 3920 2010 3599 2022 3587 2022 3553 2007 3550 2007 3547 2007 3374 2022 3346 2022 3340 2022 3309 2005 3306 2007"/></Shape>
	    <String CONTENT="Apres combatirent de grans espees Et tant aprou"
                    HPOS="2650"
                    VPOS="2005"
                    WIDTH="1380"
                    HEIGHT="96"></String>
          </TextLine>

          
          
          <TextLine ID="eSc_line_ad6a48b5"
                    TAGREFS="LT1299"
                    BASELINE="2656 2138 4076 2147" 
                    HPOS="2653"
                    VPOS="2078"
                    WIDTH="1423"
                    HEIGHT="94">
            <Shape><Polygon POINTS="4019 2081 3991 2081 3962 2081 3934 2081 3905 2081 3877 2081 3849 2081 3820 2081 3792 2081 3763 2081 3735 2081 3707 2081 3678 2078 3650 2078 3621 2078 3593 2078 3565 2078 3536 2078 3508 2078 3479 2078 3451 2078 3423 2078 3394 2078 3366 2078 2656 2078 2656 2138 2653 2149 2709 2166 2712 2166 2715 2166 3025 2158 3099 2155 3107 2158 3121 2169 3124 2169 3127 2169 3130 2169 3232 2161 3266 2158 4070 2172 4076 2147 4073 2078 4019 2078 4019 2081"/></Shape>
	    <String CONTENT="cerent lun lautre quilz sentreprindrent par les hatece"
                    HPOS="2653"
                    VPOS="2078"
                    WIDTH="1423"
                    HEIGHT="94"></String>
          </TextLine>

          
          
          <TextLine ID="eSc_line_79c1b357"
                    TAGREFS="LT1299"
                    BASELINE="2658 2198 4042 2212" 
                    HPOS="2656"
                    VPOS="2147"
                    WIDTH="1386"
                    HEIGHT="82">
            <Shape><Polygon POINTS="2658 2198 2656 2209 2866 2226 2869 2226 2920 2215 2937 2229 2940 2229 2942 2229 2945 2229 4039 2226 4042 2212 4039 2155 2658 2147 2658 2198"/></Shape>
	    <String CONTENT="aulx ⁊ longuement furent en ce point et tant que li"
                    HPOS="2656"
                    VPOS="2147"
                    WIDTH="1386"
                    HEIGHT="82"></String>
          </TextLine>

          
          
          <TextLine ID="eSc_line_ec7d9840"
                    TAGREFS="LT1299"
                    BASELINE="2656 2263 4050 2286" 
                    HPOS="2653"
                    VPOS="2201"
                    WIDTH="1397"
                    HEIGHT="110">
            <Shape><Polygon POINTS="3866 2212 3849 2212 3820 2212 3817 2212 3704 2223 3593 2212 3570 2209 3565 2209 3536 2209 3513 2209 3502 2218 3397 2209 3357 2206 3337 2206 3309 2206 3280 2206 3252 2206 3241 2206 3224 2209 3184 2215 3175 2209 3170 2203 3167 2203 3138 2203 3121 2203 3104 2206 3082 2212 3056 2206 3039 2203 3025 2203 2996 2203 2968 2203 2957 2203 2945 2206 2931 2209 2903 2206 2854 2201 2854 2201 2826 2201 2798 2201 2769 2201 2741 2201 2712 2201 2704 2201 2656 2203 2656 2263 2653 2289 4045 2311 4050 2286 4047 2215 3883 2226 3868 2212 3866 2212"/></Shape>
	    <String CONTENT="cheualier perdy son espee puis frappa son destriez"
                    HPOS="2653"
                    VPOS="2201"
                    WIDTH="1397"
                    HEIGHT="110"></String>
          </TextLine>

          
          
          <TextLine ID="eSc_line_862b345a"
                    TAGREFS="LT1299"
                    BASELINE="2638 2328 4039 2354" 
                    HPOS="2636"
                    VPOS="2272"
                    WIDTH="1403"
                    HEIGHT="113">
            <Shape><Polygon POINTS="4005 2286 4002 2286 3999 2286 3903 2300 3883 2283 3863 2283 3726 2297 3724 2297 3721 2297 3661 2280 3658 2280 3655 2280 3653 2280 3599 2294 3576 2280 3576 2280 3547 2280 3542 2277 3431 2291 3411 2291 3403 2289 3363 2274 3351 2274 3278 2286 3255 2289 2638 2272 2638 2328 2636 2343 2792 2365 2795 2365 3090 2354 3102 2368 3104 2368 3104 2371 3107 2371 3110 2371 3113 2371 3246 2357 3283 2374 3286 2374 3289 2374 3553 2362 3576 2379 3579 2379 3582 2379 3584 2379 3789 2368 3905 2385 3908 2385 4036 2368 4039 2354 4039 2303 4008 2286 4005 2286"/></Shape>
	    <String CONTENT="Des esperons et par la force du destrier eschappa"
                    HPOS="2636"
                    VPOS="2272"
                    WIDTH="1403"
                    HEIGHT="113"></String>
          </TextLine>

          
          
          <TextLine ID="eSc_line_490dabf6"
                    TAGREFS="LT1299"
                    BASELINE="2650 2405 4073 2422" 
                    HPOS="2647"
                    VPOS="2343"
                    WIDTH="1426"
                    HEIGHT="107">
            <Shape><Polygon POINTS="4070 2360 4067 2354 2650 2343 2650 2405 2647 2419 4067 2450 4073 2422 4070 2368 4070 2360"/></Shape>
	    <String CONTENT="des mains de bertrand qui longuement le poursuy"
                    HPOS="2647"
                    VPOS="2343"
                    WIDTH="1426"
                    HEIGHT="107"></String>
          </TextLine>

          
          
          <TextLine ID="eSc_line_2971c42a"
                    TAGREFS="LT1299"
                    BASELINE="2656 2470 4033 2499" 
                    HPOS="2653"
                    VPOS="2408"
                    WIDTH="1380"
                    HEIGHT="111">
            <Shape><Polygon POINTS="3650 2419 3621 2419 3596 2416 3403 2428 3380 2428 3377 2428 3351 2414 3337 2414 3317 2414 3238 2425 3229 2425 3227 2425 3215 2414 3195 2414 3175 2414 3141 2422 3138 2422 3136 2422 3107 2411 3082 2411 3073 2411 3005 2419 3002 2419 2991 2411 2968 2411 2962 2411 2942 2419 2940 2419 2931 2411 2911 2411 2883 2408 2854 2408 2826 2408 2798 2408 2783 2408 2656 2411 2656 2470 2653 2490 4028 2519 4033 2499 4030 2442 3650 2419 3650 2419"/></Shape>
	    <String CONTENT="par le champ Quant bertrand aperceut que tho"
                    HPOS="2653"
                    VPOS="2408"
                    WIDTH="1380"
                    HEIGHT="111"></String>
          </TextLine>

          
          
          <TextLine ID="eSc_line_f70db032"
                    TAGREFS="LT1299"
                    BASELINE="2661 2533 4042 2564" 
                    HPOS="2658"
                    VPOS="2476"
                    WIDTH="1384"
                    HEIGHT="114">
            <Shape><Polygon POINTS="4025 2499 3996 2499 3968 2499 3940 2499 3911 2499 3883 2496 3854 2496 3826 2496 3797 2496 3769 2496 3741 2493 3712 2493 3684 2493 3655 2493 3627 2493 3599 2490 3570 2490 3542 2490 3513 2490 3485 2490 3457 2487 3428 2487 3400 2487 3371 2487 3343 2485 3315 2485 3286 2485 3258 2485 3229 2485 3209 2482 3121 2482 3116 2482 3087 2482 3082 2479 2661 2476 2661 2533 2658 2558 3658 2567 3664 2573 3675 2584 3678 2584 3681 2584 3684 2584 3749 2573 3761 2573 3778 2573 3914 2590 3917 2590 4039 2575 4042 2564 4042 2493 4025 2490 4025 2499"/></Shape>
	    <String CONTENT="mas alloit fuiant et son espee auoit perdue Il fra"
                    HPOS="2658"
                    VPOS="2476"
                    WIDTH="1384"
                    HEIGHT="114"></String>
          </TextLine>

          
          
          <TextLine ID="eSc_line_f5c2223d"
                    TAGREFS="LT1299"
                    BASELINE="2664 2601 4036 2635" 
                    HPOS="2664"
                    VPOS="2541"
                    WIDTH="1372"
                    HEIGHT="199">
            <Shape><Polygon POINTS="4025 2629 4005 2578 3692 2558 3687 2558 3670 2556 3653 2556 3630 2556 3601 2556 3573 2556 3545 2556 3496 2567 3494 2567 3474 2553 3459 2553 3431 2553 3374 2564 3371 2564 3369 2564 3351 2550 3346 2550 3317 2550 3312 2550 3263 2561 3255 2561 3246 2561 3175 2547 3175 2547 3147 2544 3119 2544 3090 2544 3062 2544 3045 2541 2664 2544 2664 2601 2664 2715 2766 2683 2826 2712 2843 2720 2846 2720 2920 2723 2923 2723 2925 2723 2962 2709 3056 2678 3130 2689 3133 2689 3136 2689 3181 2672 3266 2703 3346 2734 3349 2734 3351 2734 3428 2726 3431 2726 3434 2726 3462 2703 3505 2734 3508 2734 3511 2734 3641 2740 3644 2740 3647 2740 3701 2715 3763 2740 3766 2740 3769 2740 3772 2740 3775 2740 3840 2695 3849 2689 4030 2689 4036 2635 4033 2629 4025 2629"/></Shape>
	    <String CONTENT="pa de son destrier A couste et descendu a terre et"
                    HPOS="2664"
                    VPOS="2541"
                    WIDTH="1372"
                    HEIGHT="199"></String>
          </TextLine>

          
        </TextBlock>
        
        <TextBlock HPOS="4132"
                   VPOS="117"
                   WIDTH="191"
                   HEIGHT="255"
                   ID="eSc_textblock_1c279c75"
                   TAGREFS="BT3850">
          <Shape><Polygon POINTS="4132 117 4132 372 4323 372 4323 117"/></Shape>
          
          
          <TextLine ID="eSc_line_db7a1e7d"
                    TAGREFS="LT1299"
                    BASELINE="4175 252 4246 249" 
                    HPOS="4172"
                    VPOS="176"
                    WIDTH="101"
                    HEIGHT="167">
            <Shape><Polygon POINTS="4218 176 4189 184 4172 221 4175 252 4178 343 4249 326 4273 189 4254 178 4226 178"/></Shape>
	    <String CONTENT="19"
                    HPOS="4172"
                    VPOS="176"
                    WIDTH="101"
                    HEIGHT="167"></String>
          </TextLine>

          
        </TextBlock>
        
        <TextBlock HPOS="774"
                   VPOS="787"
                   WIDTH="263"
                   HEIGHT="225"
                   ID="eSc_textblock_a8dff71c"
                   TAGREFS="BT3849">
          <Shape><Polygon POINTS="774 787 774 1012 1037 1012 1037 787"/></Shape>
          
        </TextBlock>
        

        
      </PrintSpace>
    </Page>
  </Layout>
</alto>
