4552 3383
784 281 1480 189 le duc que au iourduy que Accorde auoit Rentreroit

784 408 1398 130 en Rennez Et pour la uille et lestat ueoir cheuau

786 482 1458 135 ceroit par my la uille soy .xͫ ͤ. puis pourroit ouurir

784 549 1427 136 selon ce que ie uerroit. Au iour que accorde auoit

798 625 1407 127 entrer dedens Renes soy .xͫ ͤ. de cheualiers au

792 696 1430 130 deuant du duc uindrent le cappitaine et bertran

798 780 818 110 et par la uille le menerent

773 971 276 244 Q

1018 958 1193 147 uant le duc uit la grant plante de uiures

1029 1060 1151 115 qui en Renez estoit sur les estaulx et les

812 1124 1359 144 gens qui armes estoient parmy la uille et

809 1192 1427 135 Sur les creneaulx. Il enuoia un herault en son

812 1265 1416 136 host querir ses banieres ⁊ panons qui tost fur̃

815 1339 1407 126 aportees sur les portes de Rennez. Monta

820 1403 1413 136 le duc ⁊ ses banieres y assist puis descendi et

823 1477 1359 129 lui fut le uin apporte dont Il but Apres le uin

812 1553 1354 118 dist bertrand au duc Sire ie uous supply

837 1618 1360 121 quil uous plaise moy duc ou sera la guerre

829 1688 1461 124 doresnauant, Car la me uouldroie Retourne

789 1759 1489 135 Le duc lui Respondi doulcement. bertrand beaux

840 1843 812 127 amis uous le sauez tost

1319 2018 892 124 Comme le bon duc de len

1404 2120 790 98 castre entra en Rennez

838 2205 249 281 D

1051 2221 1227 147 E la cite de Renes yessi le duc de lencastre

1060 2314 1148 130 qui tantost quil fut sur le pont ceulx

877 2385 1331 129 qui sur les portes de Renes estoient lui

865 2463 1309 105 geterent ses banieres apres ses tallons

868 2517 1374 130 dont le duc fut doleur que oncques auoit

882 2590 1410 209 tranche. Toutesuois pour sa loyaute tenir leua

2538 341 1356 126 le Siege et sen alla ou chastel dun roy qui de

2532 442 1357 90 la partie du conte de montfort se tenoit Illec

2512 510 652 96 se tint le temps diner

2510 650 214 238 A

2732 682 1182 124 pres ce que le siege fur leur uint a Rennes

2727 778 1153 107 le duc cheualier qui prisonner estoit

2529 854 1343 84 Encore la lui fut compte le gouuernement

2543 919 1374 115 bertrand ⁊ ses uaillances dont grandem̃t

2541 992 617 107 le cuilly en amour

2448 1076 298 339 A

2721 1175 1269 135 li Renouues du temps le duc de lencastre

2749 1271 1230 99 en cuilioy auoit seiourne par la saison

2543 1308 1461 146 diuer fist grant apparais pour mettre le siege

2532 1401 1419 115 deuant dinan qui de la partie de Charles

2535 1480 1402 98 se tenoit ¶ De ce ouy Charles parler qui

2541 1556 1356 93 pour la uille secourir y enuoia bertrand et

2543 1612 1182 113 le boiteux de pennehort a grant gens

2882 1719 914 141 Comme le duc de lencastre

2947 1826 699 144 assiega Dynam

2518 1852 214 313 T

2761 1942 1173 138 antost apres uindrent deuant dinan

2735 2035 1202 101 le duc de lencastre le Conte de montfort

2543 2105 1360 102 et le conte de pennehort a grant nombre de

2546 2173 1405 113 anglois et bretons bretonnans qui la uille

2555 2229 1401 116 assegierent ⁊ souuent la aillirent ¶ Dinan

2549 2294 1374 138 le siege furent prinses trieues et accordees

2552 2370 1390 130 a .xl. Iours entre le duc et la uille de dinan

2549 2435 1331 127 Sur condicion que se dedens .xl. iours

2555 2506 1342 135 nauoient secours. de par le duc charles

2555 2568 1353 194 La uille seroit Rendue au conte de montfort

4117 217 79 118 18
