4531 3373
866 342 1398 118 ieune de chair. Et longuement furent ainssi pour ce

869 413 1361 123 que le duc de lencastre auoit le siege iure et que de

866 480 1400 121 iour en iour les uiures abaissoient en Rennez ne seco᷑s

871 550 1452 124 nauoient de nulle part ⁋ Le boiteux assembla ceulx

866 621 1426 118 de Rennes pour auoir aduis quelle part ilz pourroiẽt

866 694 1389 123 secours auoir du duc charles de blois qui dedens

860 756 1412 123 Nantes estoit. Mais encorres estoit prisonnier este

874 832 1398 126 eslargi sur sa foy ne armer ne se pouoit. La estoit

866 910 1395 124 un bourgois de Renes qui six enffant auoit qui

863 989 1392 112 nauoient que mengier. Lequel dist seigneurs

871 1065 1384 118 se il uous plaist ie me auentureray en la maniẽ

874 1132 1423 99 que Ie uous diray. Cest assauoit que ie nay au

866 1205 1378 93 duc de lencaste et lui diray que benny mauez

874 1270 1404 121 et le mien tolu. lui diray ainssi que secours uoꝰ

871 1343 1373 104 uient de france prouchainement ⁊ secretement

874 1413 1435 121 peussent entrer franchoiz en lost et puis lui diray

874 1489 1364 107 que de Nantes doiuent francois partir et le

874 1554 1378 98 chemin que doiuent francois tenir leur mon

880 1621 1443 116 streray. et se en ce faisant puis eschapper ie nay

880 1694 1440 107 a nantes au duc monstrer la grant misere de noꝰ

877 1768 1398 95 mes de mes enffans uous prie A ce firrent les

874 1841 1387 98 Renoiz accordans et firent une saillie sur lost

880 1908 1443 115 du duc en celle saillie se destourna le bourgois

885 1981 1359 107 et tant fist quil uint au duc et lui dist. haa.

880 2057 1367 110 monẜ comme dure chose sera se ainssi Ruez

877 2119 1389 109 demeurre. monẜ bon est que ie suy de Renez

891 2200 1344 104 mez de Renez mont bany ceulx qui y sont et

885 2265 1356 98 mont occis six enffans ⁊ tollu le mien. pour ce

894 2330 1347 101 mestoye Retrait a nantes cuidant trouuer pitie

894 2397 1341 101 deuers le duc qui compte nen Atenu, monẜ

894 2473 1347 107 uous estes cy de longue main mez se garde ne

897 2540 1375 104 uous prenes longuement ny seres pas Car

894 2611 1386 208 par ma foy uous aurez demain francois qui

2514 317 1370 138 segretement partis sont de Nantes pour uous cõ

2522 387 1362 135 batre et uiennent par deux chemins pour ur̃e

2525 469 1401 118 seurprendre en deux lieux, pour ces nouuelles

2525 531 1406 135 fist le uespre le duc ordonner ses batailles pour

2528 601 1387 132 francois Receuoir et ceulx qui en Regnes este

2528 677 1387 121 firent faire feuz de ioye. Sur la cite corner me

2539 742 1373 132 nesterieulx et monstrer semblant de ioie ala

2536 846 245 109 sserent

2801 930 993 135 Du bourgois qui alla parler

2916 1009 1007 146 au duc de lencastre deuãt Rẽnez

2480 1132 245 262 T

2725 1163 1201 127 ant fist le bourgois quil eschappa de lost et

2739 1250 1204 110 prinst son chemin a nantes Et lendemain

2452 1309 1516 130 matin trouua en son chemin Bertrand dugues

2562 1382 1375 121 clin ses compaignons qui lost du duc aloient

2565 1450 1400 110 espier. Tantost Recongnut bertran le bourgois

2562 1517 1372 107 Et lui conta comme Il estoit a ceulx de Rennez

2567 1590 1353 116 et tout lafaire ⁊ comme Il auoit parle au duc

2567 1669 619 113 et sen alloit a nantes

2500 1869 263 298 A

2756 1905 1204 130 A ce matin cheuaca le duc de lencastre sur

2756 2009 1133 104 le chemin de Nantes en esperance de

2517 2068 1431 121 Rencontrer francois et en son siege lessa pauil

2584 2141 1440 93 lons tentes charrois uiures et gens darmes

2593 2212 1420 92 en garnison pour le siege garder Bertrand

2593 2285 1316 101 qui par une espie sceut le partem̃t du duc

2593 2349 1383 99 uint ferre on siege en criant guesclin et Illec

2593 2417 1369 104 se deffendirent englois. Quant ceulx de

2581 2490 1429 95 Rennez qui le partement du duc sauoient bien

2607 2552 1468 272 sceurent que Bertrand se combatoit ilz yessier̾

4089 168 177 124 14
