4645 3389
825 330 1435 150 occire. briefment corna lembusche. en lesgait estoit

822 437 1347 108 bertrand, Et le conte daucerre qui a grans gens

819 508 1463 113 saillirent et entrerent en la uille en criant. aucerre

819 576 1404 118 et guesclin et tout fut pillie, A doncques ⟦ci⟧ leua

819 646 1387 127 le cry parmy la uille et en leglise de nostre dame

825 722 1418 125 se trairent pluseurs bourgois, par auant auoient

825 790 1350 113 ceulx de mante commencie aenforcier leglise

819 861 1373 102 deuant leglise uint guillaume de lannoy qui

830 920 1390 116 lassault commenca mais tous sacorderent ren

833 999 1435 116 dre a bertrand la uint bertrand qui aux bourgoiz

827 1076 1453 110 parla ⁊ dist, Seigneurs se au duc de normendie

839 1140 1415 125 uous uoullez rendre Ie suy prest de uous recepuoir

830 1211 1461 107 uos uies sauuez ⁋ Lors Respondirent les bourgoiz

841 1284 1436 113 que le plus de leurs heritages auoient a meur

841 1344 1402 127 leut que tenoient nauarroiz, Sire a nr̃e seign᷑

850 1414 1421 127 le duc de normendie nous rendons se il uous

830 1485 1458 127 plaist mes que promettre uous uuilliez assail

847 1558 1458 128 lir ceulx de meurlent ou autrement ne pour

853 1623 1396 125 roit mante estre tenue que de iour en iour ne

850 1694 1444 127 les eussons a nos portes et nous qui cy sõmes

850 1767 1455 128 serons au siege et tant y exploitterons nos corps

850 1830 1384 121 et nos cheuances que monẜ le duc ne uous en

853 1886 1466 141 saurez que demander, ce leur accorda bertrand

856 1968 1421 127 et tous se rendirent, Lors mist bertrand gar

861 2036 1379 124 nison a mante puis retourna arolleboise

856 2101 1460 132 Lors fist assault commencier fort ⁊ merueilleux

858 2174 1351 136 et briefment fut le chastel prins ou forte

861 2233 1379 133 tour auoit et tous les nauarrois qui ens

861 2298 1421 133 estoient furent mors et prins la nuit conta

861 2358 1455 141 bertrand dedeus Rolleboise et lendemain fist

864 2428 1475 141 tout le chastel a raser puis retourna a mante

870 2496 1362 136 auecques le conte daucerre et briefment

867 2555 1480 243 firent grant appareil pour meurlent assegier

3026 302 895 144 De la prinse de meullent.

2534 452 294 251 Q

2819 465 1173 125 uant meullent uint bertrand a grant

2797 556 1172 113 arroy et se loga en la praerie sur saine et

2576 612 1436 125 lendemain matin fist la uille assaillir la fucẽt

2613 691 1407 105 ceulx de meullent en grant deffence mes tãt

2602 765 1398 110 durement les assaillirent francois de trait

2610 835 1373 99 et de mine que plus ne pouoient souffrir

2613 903 1370 102 lestour ains lesserent la uille et en la tour se

2607 979 1365 113 retrairent pluseurs et aucuns sur le pont qui

2607 1056 1416 84 empaires estoit ⁋ dedens meurlent entra

2610 1126 1382 88 bertran et au chastellain manda que la tour

2607 1188 1365 94 rendist donc il fut refusant Car forte tour

2605 1270 1401 88 y auoit et bien garnie de uiures a doncques

2605 1327 1418 107 fist bertrand commenchier la ⟦mire⟧ mine pour

2607 1397 1374 94 la tour auoir et tant fut mince que elle ne se

2607 1477 1374 76 peut plus soustenir que sur estaies de bois

2616 1530 1390 91 que bertrand fist oindre de gresse puis y fist

2613 1606 1393 91 le feu bouter quant partie du bois fut ars la

2613 1677 1413 88 tout commenca a soy aclines dun coste adonc

2610 1739 1407 99 se rendirent le chastellain ⁊ ceulx qui dedens

2610 1807 1404 90 estoient, briefment fist bertrand la tour abatre

2613 1878 1353 84 et tous les murs de la uille, quant ceulx qui

2619 1943 1376 96 ou pont sestoient retraiz aperceurent que la

2616 2019 1379 101 tour fut rendue ilz se rendirent le pont fist

2616 2078 1384 99 bertrand renfforcier ⁊ gardes y mist adoncq̃s

2616 2149 1401 107 prinstrent ceulx de rouen congie de bertrand

2616 2219 1362 105 qui moult les honnoura et se retournerent

2619 2284 836 113 tres Ioyeux en leur contree

2946 2442 1066 150 Comme messire bertrand tint

3059 2564 938 172 frontiere en Normendie

4167 169 144 116 26
