4609 4024
945 630 1379 131 pestien sauf ma uie et si uous iure que du conte ne

939 717 1378 107 tiens un denier uaillant lors lui dist bertrand

945 781 1436 127 beaux amie et en uerite uous entendres de moy

945 855 1409 107 qui ne suy pas tel seigneur A doncques senclina

942 928 1459 108 le chastellain et le mercia et le promist seruir toute

939 999 1446 104 sa uie aussi fut prins pestien et dillec en auant

935 1066 1409 121 fut le chastellain seruant bertrand qui pour sa

939 1143 1459 141 promiesce honnoura moult et fist de tresgͣnt bñs

1314 1307 936 165 Comme messire bertrand assiega

1355 1428 905 124 Le chastel de Tourgost

841 1401 269 362 A

1123 1522 1218 141 u partir de pestien alla bertrand assiegier

1110 1619 1197 121 le chastel detorgost, Ce chastel tenoit un

939 1700 1298 110 escuier englois qui thomelin estoit nommiez

939 1780 1446 104 Ou tresor dicellui chastel estoient de tres long temps

929 1847 1362 91 les liures des prophecies merlin et souuent y

932 1908 1429 104 faisoit thommelin lire ⁋ Quant Il se uit assiegie

929 1975 1419 100 si lui souuint que es liures merlin auoit leu que

929 2052 1432 110 a ce temps y estroit de la petite bretaigne une aigle

922 2115 1395 104 qui del acondicion seroit dun estournel ⁋ Et

922 2199 1395 84 au temps quil regneroit seroit par terre redoub

919 2253 1452 104 tes bien puis dire dist thommelin que bertrand

922 2330 1392 97 que laigle porte est le droit estournel ⁋ Car

922 2404 1399 94 tout comme quant lestournel qui deuant tous

919 2474 1395 98 ceulx de la uolee se assiet en un champ et apres

919 2541 1375 101 se assirent tous les autres et la ou quil baise et

915 2605 1402 94 auxi comme quant il descend en un coulombier

922 2675 1395 101 pour les coulons en faire uuidier ⁊ apres lui

925 2746 1332 84 descendent tous les autres estourneaulx ⁋

922 2806 1416 108 Ainssi Il est de bertran qui de toutes gens est suys

925 2870 1470 288 ne deuant forteresce ne peult arriuer que brisem̃t

2633 670 1271 151 ne lui soit uindie et descombree de ses anemis

3029 865 808 141 Comme messire bertrand

3076 982 788 134 prinst le chastel de torgost

2562 1097 293 214 Q

2804 1099 1204 141 uant bertrand out assiege torgost le chastel

2800 1203 1232 88 lain le manda a dauid hollegrenne qui ceste

2619 1250 1413 118 chose ⁊ la prinse de pestien fist assauoir au conte

2623 1334 1375 94 de montfort qui encorres cuidoit auoir bertrand

2623 1405 1425 93 prisonnier, En lostel du conte estoit un cheual.

2623 1482 1388 94 anglois qui haioit foleton et lemprisonna et lui

2623 1542 1402 101 uoult faire le chief coupper Ce fut rapporte Aber

2623 1606 1392 114 trand qui dolent en fut et tost enuoia au conte de

2636 1673 1369 107 montfort un escuier, lui manda que se sancon

2619 1747 1443 107 duit lui uoulloit enuoyer Il yroit a lui et geteroit

2623 1810 1392 121 son gaige contre mesẜ gautiez huet qui mau

2626 1884 1419 114 uaisement auoit folleton acuse et promieroit ꝑ

2623 1951 1469 114 son corps que sans laide de honme uiuant cestoit

2629 2008 1419 118 loyaument parti ⁋ par deuers le conte alla les

2626 2072 1416 131 cuier et fist son message et briefment fut foleton

2623 2139 1412 121 deliures mes a lescuier dist le conte Amis uoꝰ

2626 2206 1382 134 dites a bertrand que quelque part quil soit

2626 2273 1442 127 ie le tien mon prisonnier ⁋ A tant se leua mesẜ

2633 2350 1368 131 guillẽ foleton qui a lescuier dist, Amis uous

2626 2400 1359 128 dires a bertrand que enuers moy a mesprins.

2633 2474 1435 131 Car a la fiance de sa loyaute le lessoie aller a son

2623 2545 1409 137 plaisir puis sest party et de ce ne cuide pas que

2623 2605 1375 141 ie le combate car par droit ie len peusse faire

2629 2675 1403 135 aprouchr̃ ou parlem̃t defiance Au congie du

2639 2739 1396 141 conte parti le sauer et retourna ou siege ou estoit

2633 2786 1368 161 bertrand et fist son message de ce que foleton

2629 2863 1513 228 luy manda lui despleut pour ce que sa loyaulte

4186 513 94 127 23
