4618 3398
702 396 1343 147 lui faisoit reprouche mes grans parolles nen

711 447 1408 164 maintint a celle fois. Aincois fist ses engins dre

711 498 1445 201 schier et le chastel assaillir de telle uertu que

708 580 1365 195 briefment il fut conquis et prins dassault et

716 648 1440 190 tous ceulx qui dedens estoient, apres la prinse

719 722 1346 186 des chesteaulx sen alla bertrand par deuls

722 787 1380 181 le duc charles de blois qui de la prison estoit

719 860 1369 176 deliures et sur le conte de montfort auoit

699 923 1451 198 la rosche darien conquise depuis sa deliurãce

702 1177 261 267 A

954 1132 1193 179 dinan uint le duc Charles qui le mari

949 1194 1260 196 age de bertrand et de tiphaine Raguenel

742 1268 1414 201 fist et en guerdon de ses seruices lui donna le

756 1345 1439 178 chastel de la rosche darian a sa uie. Celle dame

756 1404 1411 187 fut de haulte lignee et de grant scens et moult

762 1486 1402 187 se entreamerent, pour lamour de la dame

767 1546 1448 198 qui de grant beaute fut plaine delessa un peu

767 1616 1374 190 bertrand asuir les guerres au commence

784 1684 1355 182 ment de son mariage. Quant la dame

781 1735 1372 207 aperceut que ainssi les laissoit elle le blas

781 1806 1400 201 ma et lui dist, Sire par uous ont este haulz

793 1885 1405 193 fais encõmencies et par uous seulement en

796 1948 1379 192 uos iours doit estre france recouuree, Or est

801 2018 1406 187 ainssi que pour mon amour uoullez perdre

807 2089 1394 184 lonnour qui en uous est encõmencie, certes

801 2132 1442 226 sire ceste chose ne pourroye endurer Car mõlt

810 2211 1397 210 seroie abaissie qui par uous doy estre honno

818 2270 1403 213 uree si sachez que se les guerrez ne pourssuez

818 2350 1437 204 de dame de uaillance ne pouez aũ lonnour

832 2421 1426 198 et endroit moy qui suy poure dame le cueur

835 2486 1391 192 ne me pourroit donner a ce que Ie eusse ains

841 2545 1431 269 a uous se en uaillance estiez ainssy retrayant

2626 334 1431 119 En normendie en ce temps estoient pluseurs naua

2620 404 1397 114 rois englois ⁊ gascoins qui de par le Roy de nauarre

2617 472 1352 116 greuoient le royaume de france, Pour ce parti ber

2617 538 1318 118 trand de bretaigne et uint en france. la trouua

2620 611 1408 108 monseigneur guillaume foleton qui maintenoit

2620 679 1357 111 que atort auoit sa prison brisiee. Et sur ce fist

2612 753 1368 116 Bertrand adiourner en parlement de ce of

2614 829 1445 105 fioit bertrand a excuser et le contraire prouueroit

2620 891 1371 114 ou champ par bataille. Mais iamais a la ba

2620 962 1371 114 taille ne se uoulsist foleton accorder Aincois

2626 1030 1385 102 le pourssuy par proces en la court de parlem̃t

2626 1101 1411 110 et en fin de Cause fut iugie que bien ⁊ loyal

2623 1175 1383 96 ment bertrand qui au conte ne a foleton na

2631 1245 1400 94 uoit foy ne prison conuenancie sestoit party

2629 1313 1365 97 et que mauuaisem̃t sans droiture auoit este

2629 1379 1371 90 retenu Adoncques estoit A melun sur saine

2631 1449 1383 88 le royne blance seur du Roy de nauarre qui

2631 1520 1440 77 a son frere le chastel liura Auec le roy de nauarre

2631 1577 1386 90 estoit le bascon de marieul et grant cheuale

2631 1650 1343 88 rie. Quant charles aisne filz de france

2634 1715 1312 85 duc de normendie regnant le Royaume

2629 1781 1419 99 sceut les nouuelles il party de paris a grans

2623 1851 1431 117 gens et auec lui estoit bertrand duguesclin

2572 2015 270 230 D

2850 2013 1229 130 Euant melun uint le duc de normendie

2852 2126 1193 91 et tantost prinst la premiere uille. mes

2646 2169 1413 116 briefment lui manda la royne blance que de

2626 2251 1445 113 la se partist et que a elle estoit leritage et bien

2634 2313 1394 108 le garderont de ce fut le duc tres dolent ⟦et⟧

2637 2384 1388 90 Car Riens ne y auoit la royne blance fors

2631 2452 1451 102 son douaire, lendemain au matin fist le duc

2634 2514 1505 210 assaillir Saint maclo de melun ou est le plus

4164 158 159 125 24
