3228 4533
687 740 896 91 Seulete suis doulante et courroucee

691 797 896 117 Seulete suis en languour mesaisee

691 880 926 113 Seulete suis plus que nulle esgaree

691 955 843 136 Seulete suis sans amy demouree

691 1080 892 125 Seulete suis a hius ou a fenestre

684 1178 956 106 Seulete suis en ung anglet muciee

687 1254 1089 132 Seulete suis pour moy de pleurs repaistre

687 1352 938 106 Seulete suis doulente ou appaisiee

684 1405 1081 147 Seulete suis Riens nest qui tant mesiee

687 1495 991 129 Seulete suis en ma chambre enserree

684 1582 941 151 Seulete suis sans amy demouree

687 1733 991 129 Seulete suis partout et en tout estre

691 1813 873 132 Seulete suis ou ie uoise ou ie siee

687 1873 991 147 Seulete suis plus quautre rien t̾restre

687 1968 877 120 Seulete suis de chascun delaissee

684 2054 877 114 Seulete suis durement abaissee

687 2122 991 129 Seulete suis souuent toute esplouree

691 2213 953 151 Seulete suis sans amy demouree

914 2323 836 177 Balades de personnages .xii.

687 2481 269 261 Q

948 2474 889 177 ui trop se fie es grans bñs de fortune

960 2595 593 121 en uerite il en est deceu

665 2655 1035 140 Car uariable elle est plus que la lune

699 2750 1001 124 Maint des plus grans sen sont apperceu

703 2821 1001 125 de ceulx mesmes quelle a hault acreu

669 2901 982 143 Trebuche tost et ce uoit on souuent

699 2980 1081 162 Que ses ioyes ne sont fors que droit uent

703 3112 975 231 Qui uit il uoit que cest chose cõmune

1961 717 998 106 Que nul tant soit parfait ne esleu

1950 793 1047 106 Nest espargnie quãt fortune repugne

1961 868 945 117 Contre son bien cest son droit ⁊ deu

1980 944 775 106 de retollir le bien quon a eu

1973 1027 1013 110 Uent chierement ce scet fol et sauent

1957 1103 1040 132 Que ses Ioyes ne sont mais q̃ droit uent

1950 1235 986 143 Desaguise qui nest pas a tous une

1946 1352 975 102 Bien puis parler car ie lay bñ sceu

1976 1416 1025 128 las moy doulent car la faulse ⁊ enfrune

1935 1495 907 125 Ma a ce cop trop durement neu

1965 1575 937 113 Car tollu ma ce dont dieu pourueu

1927 1654 938 117 Mauoit helas bien uoy apperceuent

1965 1707 1089 136 Que ses ioyes ne sont mais que droit uent

2385 1816 151 110 .xiii.

1995 1813 208 275 C

2203 1854 836 159 est fort chose quune nef se cõduise

2211 1968 805 120 Es fortunes de mer a tout ꝑ elle

1961 2043 1085 136 Sans maronnier ou patron qui la duise

1980 2134 953 98 Et le uoile soit au uent qui uentelle

1973 2202 1039 113 Se sauuement a bon port tout ne celle

1976 2281 934 113 En uerite cest chose auentureuse

1973 2334 1069 185 Car trop griefment est la mort ꝑilleuse

1976 2478 1028 128 Et non obstant q̃ parfoiz soleil luise

1980 2576 1085 98 Et que si droit sen uait que ne chancelle

1976 2640 1081 117 Si quil semble que nul uent ne lui nuise

1961 2716 1043 124 Ne nul decours ne la lune nouuelle

1973 2784 1039 117 Si est elle pourtant en grant barelle

1980 2844 1085 132 De soubdain uent ou dencontre en combien

1973 2938 1092 201 Car trop griefment est la mer ꝑilleuse

1973 3093 1092 189 Si est pitie quant fault q̃ mort descend
