<alto xmlns:xsi="http://www.w3.org/2001/XMLSchema-instance" xmlns="http://www.loc.gov/standards/alto/ns-v4#" xsi:schemaLocation="http://www.loc.gov/standards/alto/ns-v4# http://www.loc.gov/standards/alto/v4/alto-4-2.xsd">
  <Description>
    <MeasurementUnit>pixel</MeasurementUnit>
    <sourceImageInformation>
      <fileName>btv1b60001038_f48.jpg</fileName>
      
    </sourceImageInformation>
  </Description>
  
  <Tags>
    <OtherTag ID="BT1962" LABEL="DamageZone" DESCRIPTION="block type DamageZone"/><OtherTag ID="BT1963" LABEL="DigitizationArtefactZone" DESCRIPTION="block type DigitizationArtefactZone"/><OtherTag ID="BT1964" LABEL="DropCapitalZone" DESCRIPTION="block type DropCapitalZone"/><OtherTag ID="BT1965" LABEL="GraphicZone" DESCRIPTION="block type GraphicZone"/><OtherTag ID="BT1966" LABEL="MainZone" DESCRIPTION="block type MainZone"/><OtherTag ID="BT1967" LABEL="MarginTextZone" DESCRIPTION="block type MarginTextZone"/><OtherTag ID="BT1968" LABEL="MusicZone" DESCRIPTION="block type MusicZone"/><OtherTag ID="BT1969" LABEL="NumberingZone" DESCRIPTION="block type NumberingZone"/><OtherTag ID="BT1970" LABEL="QuireMarksZone" DESCRIPTION="block type QuireMarksZone"/><OtherTag ID="BT1971" LABEL="RunningTitleZone" DESCRIPTION="block type RunningTitleZone"/><OtherTag ID="BT1972" LABEL="SealZone" DESCRIPTION="block type SealZone"/><OtherTag ID="BT1973" LABEL="StampZone" DESCRIPTION="block type StampZone"/><OtherTag ID="BT1974" LABEL="TableZone" DESCRIPTION="block type TableZone"/><OtherTag ID="BT1975" LABEL="TitlePageZone" DESCRIPTION="block type TitlePageZone"/><OtherTag ID="BT3423" LABEL="MainZone#1" DESCRIPTION="block type MainZone#1"/><OtherTag ID="BT3424" LABEL="MainZone#2" DESCRIPTION="block type MainZone#2"/>
    <OtherTag ID="LT682" LABEL="DefaultLine" DESCRIPTION="line type DefaultLine"/><OtherTag ID="LT683" LABEL="DropCapitalLine" DESCRIPTION="line type DropCapitalLine"/><OtherTag ID="LT684" LABEL="HeadingLine" DESCRIPTION="line type HeadingLine"/><OtherTag ID="LT685" LABEL="InterlinearLine" DESCRIPTION="line type InterlinearLine"/><OtherTag ID="LT686" LABEL="MusicLine" DESCRIPTION="line type MusicLine"/>
  </Tags>
  
  <Layout>
    <Page WIDTH="3387" HEIGHT="4478" PHYSICAL_IMG_NR="3" ID="eSc_dummypage_">
      <PrintSpace HPOS="0" VPOS="0" WIDTH="3387" HEIGHT="4478">
        
        <TextBlock HPOS="376" VPOS="703" WIDTH="335" HEIGHT="152" ID="eSc_textblock_3d871ff7" TAGREFS="BT1967">
          <Shape><Polygon POINTS="376 703 376 855 711 855 711 703"/></Shape>
          
          
          <TextLine ID="eSc_line_b7938ab4" TAGREFS="LT684" BASELINE="414 798 690 787" HPOS="410" VPOS="716" WIDTH="280" HEIGHT="142">
            <Shape><Polygon POINTS="668 716 604 716 597 731 560 731 522 731 485 731 448 731 410 727 414 798 414 839 575 858 578 858 582 858 690 824 690 787 683 731 672 720"/></Shape>
	    <String CONTENT=".iiii̽̽.xiiii." HPOS="410" VPOS="716" WIDTH="280" HEIGHT="142"/>
          </TextLine>

          
        </TextBlock>
        
        <TextBlock HPOS="741" VPOS="638" WIDTH="1176" HEIGHT="2698" ID="eSc_textblock_ba3b83c7" TAGREFS="BT3423">
          <Shape><Polygon POINTS="741 638 741 3336 1917 3336 1917 638"/></Shape>
          
          
          <TextLine ID="eSc_line_1bc1f22d" TAGREFS="LT683" BASELINE="741 889 1003 896" HPOS="735" VPOS="666" WIDTH="265" HEIGHT="251">
            <Shape><Polygon POINTS="982 672 918 678 894 666 879 683 821 669 739 670 739 888 735 917 997 910 1000 895 997 854 998 675"/></Shape>
	    <String CONTENT="Q" HPOS="735" VPOS="666" WIDTH="265" HEIGHT="251"/>
          </TextLine>

          
          
          <TextLine ID="eSc_line_48e32d34" TAGREFS="LT682" BASELINE="982 794 1523 787" HPOS="974" VPOS="746" WIDTH="545" HEIGHT="82">
            <Shape><Polygon POINTS="1460 746 1422 746 1385 746 1348 746 1310 746 1273 746 1236 746 1198 746 1161 746 1124 746 1086 746 1049 746 1011 746 974 746 978 791 978 828 1519 806 1519 783 1512 746 1497 746"/></Shape>
	    <String CONTENT="ui que dye le contraire" HPOS="974" VPOS="746" WIDTH="545" HEIGHT="82"/>
          </TextLine>

          
          
          <TextLine ID="eSc_line_bacca77a" TAGREFS="LT682" BASELINE="975 865 1497 862" HPOS="970" VPOS="802" WIDTH="523" HEIGHT="119">
            <Shape><Polygon POINTS="974 862 974 921 1489 895 1493 858 1486 802 970 802 974 862"/></Shape>
	    <String CONTENT="On doit loyaute tenir" HPOS="970" VPOS="802" WIDTH="523" HEIGHT="119"/>
          </TextLine>

          
          
          <TextLine ID="eSc_line_1340f16a" TAGREFS="LT682" BASELINE="709 944 1564 944" HPOS="709" VPOS="873" WIDTH="855" HEIGHT="115">
            <Shape><Polygon POINTS="1512 873 713 873 709 888 709 944 709 981 1560 988 1564 944 1560 873 1531 873 1531 880"/></Shape>
	    <String CONTENT="En tout quanque len ueult faire" HPOS="709" VPOS="873" WIDTH="855" HEIGHT="115"/>
          </TextLine>

          
          
          <TextLine ID="eSc_line_fafe43a2" TAGREFS="LT682" BASELINE="724 1029 1497 1026" HPOS="720" VPOS="962" WIDTH="777" HEIGHT="112">
            <Shape><Polygon POINTS="728 1074 772 1056 1489 1070 1497 1026 1489 966 720 962 724 1029"/></Shape>
	    <String CONTENT="Qui ueult a grant preu uenir" HPOS="720" VPOS="962" WIDTH="777" HEIGHT="112"/>
          </TextLine>

          
          
          <TextLine ID="eSc_line_95175073" TAGREFS="LT682" BASELINE="758 1108 1374 1100" HPOS="754" VPOS="1048" WIDTH="620" HEIGHT="93">
            <Shape><Polygon POINTS="758 1141 1370 1141 1374 1100 1366 1048 754 1048 758 1108"/></Shape>
	    <String CONTENT="Et qui barat maintenir" HPOS="754" VPOS="1048" WIDTH="620" HEIGHT="93"/>
          </TextLine>

          
          
          <TextLine ID="eSc_line_ae438b5d" TAGREFS="LT682" BASELINE="761 1186 1497 1175" HPOS="758" VPOS="1104" WIDTH="739" HEIGHT="123">
            <Shape><Polygon POINTS="1254 1104 1217 1123 1213 1123 1198 1123 1064 1104 1056 1108 1019 1108 997 1108 978 1123 974 1126 963 1123 892 1108 870 1108 851 1108 758 1123 761 1186 761 1212 1243 1227 1247 1227 1493 1197 1497 1175 1489 1123 1310 1123 1292 1104 1280 1104"/></Shape>
	    <String CONTENT="Ueult a la fin mal lui prent" HPOS="758" VPOS="1104" WIDTH="739" HEIGHT="123"/>
          </TextLine>

          
          
          <TextLine ID="eSc_line_3baa4ff0" TAGREFS="LT682" BASELINE="758 1268 1549 1261" HPOS="754" VPOS="1194" WIDTH="795" HEIGHT="127">
            <Shape><Polygon POINTS="1531 1205 806 1194 802 1194 799 1194 776 1201 754 1231 758 1268 758 1321 1549 1321 1549 1261 1545 1253 1538 1257"/></Shape>
	    <String CONTENT="Mais sol ne croit iusquil prent" HPOS="754" VPOS="1194" WIDTH="795" HEIGHT="127"/>
          </TextLine>

          
          
          <TextLine ID="eSc_line_f37d2dab" TAGREFS="LT682" BASELINE="750 1432 1377 1421" HPOS="746" VPOS="1332" WIDTH="631" HEIGHT="153">
            <Shape><Polygon POINTS="1336 1358 1277 1343 1273 1343 1269 1343 1180 1354 1109 1365 1082 1350 1053 1332 1049 1332 1045 1332 1041 1332 1038 1332 985 1347 903 1369 862 1339 858 1335 855 1335 851 1335 746 1335 750 1432 750 1462 933 1481 937 1481 941 1481 985 1466 1008 1459 1015 1466 1038 1485 1041 1485 1045 1485 1049 1485 1377 1466 1377 1421 1370 1399 1344 1376"/></Shape>
	    <String CONTENT="Loyaute est neccessaire" HPOS="746" VPOS="1332" WIDTH="631" HEIGHT="153"/>
          </TextLine>

          
          
          <TextLine ID="eSc_line_8eca9dd6" TAGREFS="LT682" BASELINE="758 1511 1280 1503" HPOS="754" VPOS="1436" WIDTH="526" HEIGHT="116">
            <Shape><Polygon POINTS="758 1511 758 1533 1273 1552 1280 1503 1273 1451 769 1436 754 1436"/></Shape>
	    <String CONTENT="A qui tent a auenir" HPOS="754" VPOS="1436" WIDTH="526" HEIGHT="116"/>
          </TextLine>

          
          
          <TextLine ID="eSc_line_be4f3806" TAGREFS="LT682" BASELINE="758 1597 1504 1585" HPOS="754" VPOS="1503" WIDTH="750" HEIGHT="131">
            <Shape><Polygon POINTS="758 1627 1497 1634 1504 1585 1497 1526 1366 1503 1363 1503 1150 1518 997 1529 754 1515 758 1597"/></Shape>
	    <String CONTENT="A honnour et a grant salaire" HPOS="754" VPOS="1503" WIDTH="750" HEIGHT="131"/>
          </TextLine>

          
          
          <TextLine ID="eSc_line_7363bfdf" TAGREFS="LT682" BASELINE="735 1671 1333 1664" HPOS="731" VPOS="1589" WIDTH="602" HEIGHT="116">
            <Shape><Polygon POINTS="806 1597 772 1597 731 1612 735 1671 735 1705 1333 1701 1333 1664 1321 1589 1026 1608 952 1604 843 1597"/></Shape>
	    <String CONTENT="Nil ne doit appertenir" HPOS="731" VPOS="1589" WIDTH="602" HEIGHT="116"/>
          </TextLine>

          
          
          <TextLine ID="eSc_line_e7278384" TAGREFS="LT682" BASELINE="750 1750 1377 1738" HPOS="746" VPOS="1668" WIDTH="631" HEIGHT="115">
            <Shape><Polygon POINTS="1232 1668 1194 1668 1176 1668 1082 1675 948 1686 746 1671 750 1750 750 1783 1168 1765 1191 1765 1340 1780 1344 1780 1348 1780 1351 1780 1377 1761 1377 1738 1370 1682 1303 1668 1269 1668"/></Shape>
	    <String CONTENT="Que cil doye bien fenir" HPOS="746" VPOS="1668" WIDTH="631" HEIGHT="115"/>
          </TextLine>

          
          
          <TextLine ID="eSc_line_8ef9393d" TAGREFS="LT682" BASELINE="743 1832 1351 1821" HPOS="739" VPOS="1742" WIDTH="612" HEIGHT="112">
            <Shape><Polygon POINTS="1112 1746 1082 1746 739 1765 743 1832 743 1850 1344 1854 1351 1821 1344 1761 1165 1742 1150 1746"/></Shape>
	    <String CONTENT="Qui abarater se prent" HPOS="739" VPOS="1742" WIDTH="612" HEIGHT="112"/>
          </TextLine>

          
          
          <TextLine ID="eSc_line_db74972a" TAGREFS="LT682" BASELINE="758 1910 1605 1891" HPOS="754" VPOS="1828" WIDTH="851" HEIGHT="134">
            <Shape><Polygon POINTS="1553 1832 970 1828 941 1832 903 1832 899 1832 754 1850 758 1910 758 1940 873 1933 881 1940 907 1959 907 1962 911 1962 914 1962 918 1962 922 1962 978 1936 1000 1921 1150 1921 1224 1929 1396 1951 1400 1951 1404 1951 1482 1921 1489 1921 1605 1921 1605 1891 1602 1888 1575 1839"/></Shape>
	    <String CONTENT="Mais fol ne croit iusquil prent" HPOS="754" VPOS="1828" WIDTH="851" HEIGHT="134"/>
          </TextLine>

          
          
          <TextLine ID="eSc_line_1a3e79f6" TAGREFS="LT682" BASELINE="750 2067 1646 2052" HPOS="746" VPOS="1966" WIDTH="900" HEIGHT="123">
            <Shape><Polygon POINTS="1594 1977 1452 1985 1411 1977 1374 1966 1370 1966 1366 1966 1363 1966 1359 1966 1359 1970 1351 1977 1329 1996 1146 1996 1105 1977 1105 1974 1101 1974 1097 1974 1094 1974 1071 1977 918 2000 881 1977 881 1974 877 1974 873 1974 870 1974 746 1974 750 2067 750 2089 1646 2074 1646 2052 1635 1977 1605 1977 1605 2003"/></Shape>
	    <String CONTENT="Et trop se uauldroit mieulx taire" HPOS="746" VPOS="1966" WIDTH="900" HEIGHT="123"/>
          </TextLine>

          
          
          <TextLine ID="eSc_line_fec442bf" TAGREFS="LT682" BASELINE="761 2145 1377 2134" HPOS="758" VPOS="2071" WIDTH="619" HEIGHT="104">
            <Shape><Polygon POINTS="761 2175 1374 2175 1377 2134 1366 2071 758 2078 761 2145"/></Shape>
	    <String CONTENT="Que de dire ⁊ soustenir" HPOS="758" VPOS="2071" WIDTH="619" HEIGHT="104"/>
          </TextLine>

          
          
          <TextLine ID="eSc_line_e8c7d39d" TAGREFS="LT682" BASELINE="758 2220 1396 2212" HPOS="754" VPOS="2141" WIDTH="642" HEIGHT="112">
            <Shape><Polygon POINTS="758 2242 1389 2253 1396 2212 1385 2141 754 2160 758 2220"/></Shape>
	    <String CONTENT="Que de loyaute retraire" HPOS="754" VPOS="2141" WIDTH="642" HEIGHT="112"/>
          </TextLine>

          
          
          <TextLine ID="eSc_line_9299580c" TAGREFS="LT682" BASELINE="754 2306 1407 2291" HPOS="750" VPOS="2220" WIDTH="657" HEIGHT="123">
            <Shape><Polygon POINTS="754 2343 1407 2328 1407 2291 1400 2227 750 2220 754 2306"/></Shape>
	    <String CONTENT="Se conuient qui deuenir" HPOS="750" VPOS="2220" WIDTH="657" HEIGHT="123"/>
          </TextLine>

          
          
          <TextLine ID="eSc_line_dce36352" TAGREFS="LT682" BASELINE="769 2380 1493 2369" HPOS="765" VPOS="2298" WIDTH="728" HEIGHT="116">
            <Shape><Polygon POINTS="769 2399 1198 2414 1202 2414 1493 2391 1493 2369 1482 2298 765 2313 769 2380"/></Shape>
	    <String CONTENT="ueult Riche et fraude tenir" HPOS="765" VPOS="2298" WIDTH="728" HEIGHT="116"/>
          </TextLine>

          
          
          <TextLine ID="eSc_line_74d0d36d" TAGREFS="LT682" BASELINE="754 2459 1463 2447" HPOS="750" VPOS="2380" WIDTH="713" HEIGHT="120">
            <Shape><Polygon POINTS="754 2489 1217 2500 1221 2500 1258 2492 1340 2477 1385 2492 1392 2496 1396 2496 1400 2496 1404 2496 1407 2496 1407 2492 1430 2481 1448 2496 1463 2447 1456 2395 985 2380 982 2380 978 2380 899 2399 780 2384 776 2384 772 2384 769 2384 750 2395 754 2459"/></Shape>
	    <String CONTENT="Qui ce fait au las se prent" HPOS="750" VPOS="2380" WIDTH="713" HEIGHT="120"/>
          </TextLine>

          
          
          <TextLine ID="eSc_line_986bbb6b" TAGREFS="LT682" BASELINE="754 2537 1609 2530" HPOS="750" VPOS="2462" WIDTH="859" HEIGHT="131">
            <Shape><Polygon POINTS="754 2567 877 2567 885 2567 918 2593 922 2593 926 2593 929 2593 1068 2574 1120 2567 1318 2578 1486 2589 1489 2589 1493 2589 1504 2586 1545 2563 1602 2586 1609 2530 1602 2470 750 2462 754 2537"/></Shape>
	    <String CONTENT="Mais folz ne croit iusquil prent" HPOS="750" VPOS="2462" WIDTH="859" HEIGHT="131"/>
          </TextLine>

          
          
          <TextLine ID="eSc_line_42b4e26b" TAGREFS="LT684" BASELINE="1026 2638 1307 2630" HPOS="1023" VPOS="2544" WIDTH="284" HEIGHT="127">
            <Shape><Polygon POINTS="1026 2671 1307 2645 1307 2630 1299 2567 1068 2544 1064 2544 1060 2544 1056 2544 1023 2563 1026 2638"/></Shape>
	    <String CONTENT=".iiii̽̽.. xu." HPOS="1023" VPOS="2544" WIDTH="284" HEIGHT="127"/>
          </TextLine>

          
          
          <TextLine ID="eSc_line_5fdf4ec1" TAGREFS="LT683" BASELINE="733 2804 977 2811" HPOS="728" VPOS="2533" WIDTH="250" HEIGHT="329">
            <Shape><Polygon POINTS="851 2533 814 2533 787 2533 735 2533 731 2802 728 2862 758 2862 970 2836 974 2809 978 2582 907 2582 892 2563 855 2533 851 2533"/></Shape>
	    <String CONTENT="N" HPOS="728" VPOS="2533" WIDTH="250" HEIGHT="329"/>
          </TextLine>

          
          
          <TextLine ID="eSc_line_f770e60d" TAGREFS="LT682" BASELINE="982 2709 1878 2697" HPOS="978" VPOS="2608" WIDTH="900" HEIGHT="131">
            <Shape><Polygon POINTS="1258 2634 1239 2634 1202 2634 1165 2634 1127 2638 1090 2638 1053 2638 1049 2634 978 2634 982 2709 982 2739 1874 2727 1878 2697 1870 2630 1628 2608 1624 2608 1620 2608 1534 2630 1527 2630 1504 2630 1288 2612 1284 2612 1277 2634"/></Shape>
	    <String CONTENT="ous deuons bien sur tout aut̾ dõmage" HPOS="978" VPOS="2608" WIDTH="900" HEIGHT="131"/>
          </TextLine>

          
          
          <TextLine ID="eSc_line_ccd0a8b9" TAGREFS="LT682" BASELINE="989 2791 1885 2776" HPOS="982" VPOS="2709" WIDTH="900" HEIGHT="123">
            <Shape><Polygon POINTS="985 2787 989 2832 1056 2809 1165 2828 1176 2828 1180 2828 1183 2828 1187 2828 1250 2806 1878 2806 1882 2772 1870 2709 982 2720 985 2787"/></Shape>
	    <String CONTENT="plaindre cellui du royaume de france" HPOS="982" VPOS="2709" WIDTH="900" HEIGHT="123"/>
          </TextLine>

          
          
          <TextLine ID="eSc_line_880cd642" TAGREFS="LT682" BASELINE="731 2873 1620 2850" HPOS="728" VPOS="2783" WIDTH="892" HEIGHT="123">
            <Shape><Polygon POINTS="1512 2783 1508 2783 1452 2795 1049 2787 1045 2787 1041 2787 1038 2787 1011 2813 817 2813 772 2795 769 2795 765 2795 761 2795 758 2795 728 2809 731 2873 731 2906 1030 2888 1138 2892 1265 2899 1269 2899 1273 2899 1310 2884 1325 2880 1374 2880 1564 2892 1568 2892 1572 2892 1620 2869 1620 2850 1616 2798 1572 2783 1549 2783"/></Shape>
	    <String CONTENT="Qui fu et est le regne et leritaige" HPOS="728" VPOS="2783" WIDTH="892" HEIGHT="123"/>
          </TextLine>

          
          
          <TextLine ID="eSc_line_4c623718" TAGREFS="LT682" BASELINE="746 2948 1740 2933" HPOS="743" VPOS="2854" WIDTH="997" HEIGHT="135">
            <Shape><Polygon POINTS="1415 2858 1392 2869 1381 2873 1355 2869 1299 2862 1265 2862 1228 2862 1224 2862 1217 2873 1213 2880 1064 2880 1053 2880 1026 2865 1004 2869 967 2869 929 2869 918 2869 832 2880 817 2873 780 2873 761 2873 743 2880 746 2948 754 2989 784 2970 929 2985 985 2989 989 2989 1030 2981 1109 2966 1138 2977 1153 2985 1157 2985 1161 2985 1740 2962 1740 2933 1732 2862 1478 2854 1452 2858"/></Shape>
	    <String CONTENT="des xpĩens de plus haulte puissance" HPOS="743" VPOS="2854" WIDTH="997" HEIGHT="135"/>
          </TextLine>

          
          
          <TextLine ID="eSc_line_443f17fc" TAGREFS="LT682" BASELINE="754 3033 1822 3011" HPOS="750" VPOS="2948" WIDTH="1072" HEIGHT="104">
            <Shape><Polygon POINTS="754 3052 1818 3045 1822 3011 1811 2948 750 2970 754 3033"/></Shape>
	    <String CONTENT="Mais dieu le fiert ades de poingnant lance" HPOS="750" VPOS="2948" WIDTH="1072" HEIGHT="104"/>
          </TextLine>

          
          
          <TextLine ID="eSc_line_8ebf264a" TAGREFS="LT682" BASELINE="743 3104 1710 3089" HPOS="739" VPOS="3022" WIDTH="971" HEIGHT="123">
            <Shape><Polygon POINTS="1224 3026 1187 3026 1150 3026 1112 3026 1075 3030 1038 3030 1000 3030 963 3030 926 3033 888 3033 851 3033 814 3033 776 3033 772 3022 739 3022 743 3104 743 3123 963 3145 967 3145 1209 3142 1213 3142 1217 3142 1217 3138 1239 3119 1243 3115 1250 3119 1303 3138 1307 3138 1310 3138 1706 3112 1710 3089 1699 3022 1280 3022 1262 3026"/></Shape>
	    <String CONTENT="Parquoy de ioye et de soulaz mendie" HPOS="739" VPOS="3022" WIDTH="971" HEIGHT="123"/>
          </TextLine>

          
          
          <TextLine ID="eSc_line_d05a5189" TAGREFS="LT682" BASELINE="746 3183 1721 3160" HPOS="743" VPOS="3097" WIDTH="978" HEIGHT="134">
            <Shape><Polygon POINTS="746 3183 746 3205 862 3231 866 3231 985 3205 1060 3227 1064 3227 1068 3227 1071 3227 1075 3227 1112 3205 1228 3224 1232 3224 1407 3194 1415 3194 1422 3194 1512 3216 1516 3216 1519 3216 1523 3216 1527 3216 1560 3190 1564 3190 1721 3190 1721 3160 1710 3097 758 3127 743 3149"/></Shape>
	    <String CONTENT="Pour nos pechiez si porte la penance" HPOS="743" VPOS="3097" WIDTH="978" HEIGHT="134"/>
          </TextLine>

          
          
          <TextLine ID="eSc_line_28c8ecff" TAGREFS="LT682" BASELINE="750 3254 1691 3242" HPOS="746" VPOS="3168" WIDTH="945" HEIGHT="194">
            <Shape><Polygon POINTS="1486 3190 1445 3171 1437 3168 1433 3168 1430 3168 1426 3168 1415 3171 1359 3194 746 3186 750 3254 750 3362 866 3362 866 3358 870 3358 873 3358 933 3313 1090 3313 1131 3351 1131 3354 1135 3354 1138 3354 1142 3358 1273 3358 1273 3354 1277 3354 1288 3351 1381 3306 1467 3332 1471 3332 1475 3332 1478 3332 1568 3306 1613 3339 1616 3339 1620 3339 1624 3343 1691 3343 1691 3242 1684 3168 1538 3168 1534 3168 1531 3168 1527 3168"/></Shape>
	    <String CONTENT="Nostre bon roy qui est en maladie" HPOS="746" VPOS="3168" WIDTH="945" HEIGHT="194"/>
          </TextLine>

          
        </TextBlock>
        
        <TextBlock HPOS="1958" VPOS="661" WIDTH="1240" HEIGHT="2681" ID="eSc_textblock_58912f3a" TAGREFS="BT3424">
          <Shape><Polygon POINTS="1958 661 1958 3342 3198 3342 3198 661"/></Shape>
          
          
          <TextLine ID="eSc_line_4ec7c342" TAGREFS="LT682" BASELINE="2023 772 3006 764" HPOS="2020" VPOS="690" WIDTH="986" HEIGHT="108">
            <Shape><Polygon POINTS="2692 716 2655 716 2617 716 2580 716 2543 716 2505 720 2468 720 2431 720 2393 720 2356 723 2318 723 2281 723 2244 723 2206 723 2169 727 2132 727 2094 727 2057 727 2020 727 2023 772 2023 794 2998 798 3006 764 2994 690 2759 694 2729 709"/></Shape>
	    <String CONTENT="Cest grant pitie car prince de son aage" HPOS="2020" VPOS="690" WIDTH="986" HEIGHT="108"/>
          </TextLine>

          
          
          <TextLine ID="eSc_line_b094a878" TAGREFS="LT682" BASELINE="2031 858 3017 843" HPOS="2027" VPOS="783" WIDTH="990" HEIGHT="108">
            <Shape><Polygon POINTS="2031 891 3013 884 3017 843 3006 783 2027 794 2031 858"/></Shape>
	    <String CONTENT="Ou monde mert de pareille uaillance" HPOS="2027" VPOS="783" WIDTH="990" HEIGHT="108"/>
          </TextLine>

          
          
          <TextLine ID="eSc_line_5014a355" TAGREFS="LT682" BASELINE="2027 936 3077 929" HPOS="2023" VPOS="865" WIDTH="1054" HEIGHT="105">
            <Shape><Polygon POINTS="3058 865 2023 869 2027 936 2027 966 3073 970 3077 929 3073 921 3069 906"/></Shape>
	    <String CONTENT="Et de tous lieux princes de hault parage" HPOS="2023" VPOS="865" WIDTH="1054" HEIGHT="105"/>
          </TextLine>

          
          
          <TextLine ID="eSc_line_a07ba069" TAGREFS="LT682" BASELINE="2031 1007 2871 1015" HPOS="2027" VPOS="940" WIDTH="844" HEIGHT="97">
            <Shape><Polygon POINTS="2027 1037 2867 1033 2871 1015 2867 947 2031 940 2031 1007"/></Shape>
	    <String CONTENT="Desiroient samour et saliance" HPOS="2027" VPOS="940" WIDTH="844" HEIGHT="97"/>
          </TextLine>

          
          
          <TextLine ID="eSc_line_aba0a9ce" TAGREFS="LT682" BASELINE="2031 1097 3009 1082" HPOS="2027" VPOS="1003" WIDTH="982" HEIGHT="135">
            <Shape><Polygon POINTS="2811 1015 2774 1015 2737 1015 2699 1015 2662 1015 2625 1015 2587 1015 2550 1015 2513 1015 2475 1015 2438 1011 2401 1011 2363 1011 2348 1011 2027 1011 2031 1097 2031 1130 2251 1138 2255 1138 2315 1123 2356 1115 2382 1123 2423 1134 2427 1134 2431 1134 2535 1119 2587 1112 2621 1115 2722 1130 2726 1130 2811 1112 2830 1108 2845 1112 2923 1126 2927 1126 2931 1126 3009 1104 3009 1082 2998 1003 2852 1003 2849 1015"/></Shape>
	    <String CONTENT="De tous amez estoit tres son enfance" HPOS="2027" VPOS="1003" WIDTH="982" HEIGHT="135"/>
          </TextLine>

          
          
          <TextLine ID="eSc_line_2a338511" TAGREFS="LT682" BASELINE="2027 1182 3054 1171" HPOS="2023" VPOS="1082" WIDTH="1031" HEIGHT="134">
            <Shape><Polygon POINTS="2991 1085 2696 1108 2617 1089 2584 1089 2580 1089 2490 1108 2386 1093 2360 1093 2337 1093 2262 1112 2023 1100 2027 1182 2027 1197 2352 1216 2356 1216 3050 1190 3054 1171 3043 1082 2994 1082 2994 1085"/></Shape>
	    <String CONTENT="Encor nest pas dieu mercy reffroidie" HPOS="2023" VPOS="1082" WIDTH="1031" HEIGHT="134"/>
          </TextLine>

          
          
          <TextLine ID="eSc_line_4e875155" TAGREFS="LT682" BASELINE="2016 1261 3140 1242" HPOS="2012" VPOS="1168" WIDTH="1128" HEIGHT="138">
            <Shape><Polygon POINTS="3021 1171 3021 1175 2983 1175 2950 1175 2774 1182 2752 1175 2722 1175 2684 1179 2677 1179 2666 1186 2561 1179 2535 1179 2498 1179 2460 1179 2434 1179 2416 1190 2251 1182 2236 1182 2199 1182 2162 1182 2124 1182 2087 1182 2050 1182 2046 1171 2012 1171 2016 1261 2016 1306 2121 1283 2206 1302 2225 1302 2229 1302 2233 1302 2236 1302 2240 1298 2266 1279 2378 1294 2419 1298 2423 1298 2460 1291 2535 1276 2610 1287 2681 1294 2684 1294 2688 1294 2740 1279 2774 1272 2789 1279 2811 1291 2815 1291 2819 1291 3136 1265 3140 1242 3129 1179 3118 1168"/></Shape>
	    <String CONTENT="Icelle amour combien quait grant grenãce" HPOS="2012" VPOS="1168" WIDTH="1128" HEIGHT="138"/>
          </TextLine>

          
          
          <TextLine ID="eSc_line_6995c7bf" TAGREFS="LT682" BASELINE="2012 1339 2901 1332" HPOS="2009" VPOS="1265" WIDTH="892" HEIGHT="126">
            <Shape><Polygon POINTS="2012 1391 2169 1391 2169 1388 2173 1388 2177 1388 2177 1384 2203 1365 2311 1380 2360 1388 2363 1388 2580 1384 2584 1384 2587 1384 2587 1380 2595 1373 2610 1362 2811 1362 2819 1369 2834 1380 2834 1384 2838 1384 2841 1384 2845 1384 2849 1384 2901 1365 2901 1332 2890 1265 2009 1268 2012 1339"/></Shape>
	    <String CONTENT="Nostre bon roy qui est en maladie" HPOS="2009" VPOS="1265" WIDTH="892" HEIGHT="126"/>
          </TextLine>

          
          
          <TextLine ID="eSc_line_12009d31" TAGREFS="LT682" BASELINE="2027 1500 3050 1488" HPOS="2023" VPOS="1410" WIDTH="1027" HEIGHT="123">
            <Shape><Polygon POINTS="2027 1533 3047 1518 3050 1488 3039 1410 2023 1410 2027 1500"/></Shape>
	    <String CONTENT="Si prions dieu de tres humble courage" HPOS="2023" VPOS="1410" WIDTH="1027" HEIGHT="123"/>
          </TextLine>

          
          
          <TextLine ID="eSc_line_db360bdc" TAGREFS="LT682" BASELINE="2027 1578 2976 1571" HPOS="2023" VPOS="1492" WIDTH="953" HEIGHT="127">
            <Shape><Polygon POINTS="2031 1619 2106 1600 2304 1615 2389 1619 2393 1619 2464 1612 2572 1597 2673 1604 2782 1615 2785 1615 2976 1597 2976 1571 2965 1492 2023 1511 2027 1578"/></Shape>
	    <String CONTENT="Que au bon roy soit escu et deffense" HPOS="2023" VPOS="1492" WIDTH="953" HEIGHT="127"/>
          </TextLine>

          
          
          <TextLine ID="eSc_line_813ffba6" TAGREFS="LT682" BASELINE="2035 1660 3125 1645" HPOS="2031" VPOS="1589" WIDTH="1094" HEIGHT="97">
            <Shape><Polygon POINTS="3103 1589 2031 1593 2035 1660 2035 1682 3080 1686 3084 1686 3088 1686 3091 1686 3125 1664 3125 1645 3121 1638 3114 1638"/></Shape>
	    <String CONTENT="Contre tous maulx ⁊ de son grief malage" HPOS="2031" VPOS="1589" WIDTH="1094" HEIGHT="97"/>
          </TextLine>

          
          
          <TextLine ID="eSc_line_2bafae0a" TAGREFS="LT682" BASELINE="2042 1738 3106 1727" HPOS="2038" VPOS="1664" WIDTH="1068" HEIGHT="108">
            <Shape><Polygon POINTS="2038 1664 2042 1738 2042 1772 3103 1761 3106 1727 3103 1724 3088 1664"/></Shape>
	    <String CONTENT="Lui doint sante car Iiay ferme esperance" HPOS="2038" VPOS="1664" WIDTH="1068" HEIGHT="108"/>
          </TextLine>

          
          
          <TextLine ID="eSc_line_f99dbd78" TAGREFS="LT682" BASELINE="2035 1821 2953 1809" HPOS="2031" VPOS="1735" WIDTH="922" HEIGHT="108">
            <Shape><Polygon POINTS="2591 1735 2554 1735 2516 1735 2479 1735 2442 1735 2404 1735 2375 1735 2330 1750 2255 1738 2218 1738 2180 1738 2150 1738 2031 1753 2035 1821 2035 1843 2950 1839 2953 1809 2946 1746 2632 1735 2628 1735"/></Shape>
	    <String CONTENT="Que sil auoit de son mal allegence" HPOS="2031" VPOS="1735" WIDTH="922" HEIGHT="108"/>
          </TextLine>

          
          
          <TextLine ID="eSc_line_a217cba5" TAGREFS="LT682" BASELINE="2035 1895 3009 1895" HPOS="2035" VPOS="1802" WIDTH="974" HEIGHT="119">
            <Shape><Polygon POINTS="2670 1813 2632 1817 2595 1817 2591 1817 2580 1828 2382 1828 2341 1817 2333 1821 2296 1821 2259 1821 2221 1821 2184 1821 2147 1821 2109 1821 2079 1821 2035 1824 2035 1895 2035 1921 3009 1914 3009 1895 3006 1802 2867 1824 2722 1813 2707 1813"/></Shape>
	    <String CONTENT="Quencore seroit quoy quades on en die" HPOS="2035" VPOS="1802" WIDTH="974" HEIGHT="119"/>
          </TextLine>

          
          
          <TextLine ID="eSc_line_53df9f00" TAGREFS="LT682" BASELINE="2023 1974 3035 1966" HPOS="2020" VPOS="1899" WIDTH="1015" HEIGHT="112">
            <Shape><Polygon POINTS="2991 1899 2953 1899 2946 1899 2935 1906 2621 1906 2599 1899 2580 1899 2543 1899 2513 1899 2498 1906 2318 1899 2281 1899 2244 1899 2206 1899 2169 1899 2132 1899 2094 1899 2057 1899 2020 1933 2023 1974 2023 2011 2121 1992 2464 2011 2524 2011 2528 2011 2531 2011 2539 2007 2595 1988 3032 2003 3035 1966 3028 1933 3028 1940"/></Shape>
	    <String CONTENT="Prince uaillant ⁊ de bonne ordonnance" HPOS="2020" VPOS="1899" WIDTH="1015" HEIGHT="112"/>
          </TextLine>

          
          
          <TextLine ID="eSc_line_c85add63" TAGREFS="LT682" BASELINE="2016 2059 2905 2044" HPOS="2012" VPOS="1970" WIDTH="893" HEIGHT="142">
            <Shape><Polygon POINTS="2834 1970 2796 1970 2785 1970 2360 1985 2341 1985 2277 1974 2274 1974 2236 1974 2199 1974 2177 1974 2012 1992 2016 2059 2023 2112 2076 2078 2162 2100 2165 2100 2169 2100 2300 2074 2326 2097 2337 2104 2341 2104 2345 2104 2348 2108 2457 2108 2457 2104 2460 2104 2513 2086 2516 2086 2576 2100 2580 2100 2584 2100 2587 2100 2591 2100 2591 2097 2610 2082 2617 2074 2628 2078 2658 2089 2662 2089 2666 2089 2670 2089 2673 2089 2688 2074 2692 2071 2703 2074 2733 2086 2737 2086 2740 2086 2901 2063 2905 2044 2894 1970 2871 1970"/></Shape>
	    <String CONTENT="Nostre bon roy qui est en maladie" HPOS="2012" VPOS="1970" WIDTH="893" HEIGHT="142"/>
          </TextLine>

          
          
          <TextLine ID="eSc_line_f8c68688" TAGREFS="LT684" BASELINE="2398 2130 2684 2127" HPOS="2393" VPOS="2063" WIDTH="288" HEIGHT="108">
            <Shape><Polygon POINTS="2397 2127 2397 2149 2483 2171 2487 2171 2490 2171 2550 2156 2587 2149 2673 2160 2681 2123 2673 2067 2393 2063 2397 2127"/></Shape>
	    <String CONTENT=".iiii̽̽. .xui." HPOS="2393" VPOS="2063" WIDTH="288" HEIGHT="108"/>
          </TextLine>

          
          
          <TextLine ID="eSc_line_a091b835" TAGREFS="LT683" BASELINE="2042 2292 2275 2296" HPOS="2036" VPOS="2094" WIDTH="238" HEIGHT="217">
            <Shape><Polygon POINTS="2254 2100 2036 2094 2038 2291 2039 2303 2043 2305 2080 2304 2107 2306 2149 2304 2252 2311 2274 2294 2270 2287 2262 2287"/></Shape>
	    <String CONTENT="B" HPOS="2036" VPOS="2094" WIDTH="238" HEIGHT="217"/>
          </TextLine>

          
          
          <TextLine ID="eSc_line_a22dfd4b" TAGREFS="LT682" BASELINE="2229 2213 3032 2205" HPOS="2221" VPOS="2115" WIDTH="807" HEIGHT="124">
            <Shape><Polygon POINTS="2311 2123 2307 2123 2221 2145 2225 2212 2225 2239 3028 2224 3028 2201 3021 2138 2755 2115 2752 2115 2487 2141 2315 2123 2311 2123"/></Shape>
	    <String CONTENT="ien nobles est qui en soy a bonte" HPOS="2221" VPOS="2115" WIDTH="807" HEIGHT="124"/>
          </TextLine>

          
          
          <TextLine ID="eSc_line_729e1990" TAGREFS="LT682" BASELINE="2248 2291 3062 2283" HPOS="2240" VPOS="2216" WIDTH="818" HEIGHT="116">
            <Shape><Polygon POINTS="3032 2216 2240 2216 2244 2287 2244 2332 2389 2332 2389 2328 2393 2328 2397 2328 2423 2306 2539 2306 2580 2324 2587 2328 2591 2328 2595 2328 2599 2328 2610 2324 2662 2306 2681 2321 2681 2324 2684 2324 2688 2324 2692 2324 2703 2324 2793 2306 3054 2317 3058 2280 3050 2242 3032 2216"/></Shape>
	    <String CONTENT="Il nest tresor qui a tel ualour mõte" HPOS="2240" VPOS="2216" WIDTH="818" HEIGHT="116"/>
          </TextLine>

          
          
          <TextLine ID="eSc_line_93eaf298" TAGREFS="LT682" BASELINE="2052 2371 3043 2362" HPOS="2046" VPOS="2291" WIDTH="993" HEIGHT="104">
            <Shape><Polygon POINTS="2050 2369 2050 2395 3039 2388 3039 2358 3028 2291 2046 2309 2050 2369"/></Shape>
	    <String CONTENT="Et en hault pris bien doit estre monte" HPOS="2046" VPOS="2291" WIDTH="993" HEIGHT="104"/>
          </TextLine>

          
          
          <TextLine ID="eSc_line_1ed5bd54" TAGREFS="LT682" BASELINE="2050 2451 2950 2444" HPOS="2046" VPOS="2365" WIDTH="904" HEIGHT="124">
            <Shape><Polygon POINTS="2793 2365 2789 2365 2778 2377 2692 2365 2681 2365 2643 2369 2606 2369 2569 2369 2557 2369 2509 2377 2479 2380 2468 2377 2449 2369 2419 2369 2382 2369 2345 2369 2307 2369 2270 2373 2233 2373 2195 2373 2158 2373 2136 2373 2046 2373 2050 2451 2050 2470 2203 2485 2206 2485 2300 2470 2318 2466 2337 2466 2438 2489 2442 2489 2445 2489 2509 2466 2516 2462 2524 2466 2565 2485 2569 2485 2572 2485 2670 2466 2856 2485 2860 2485 2864 2485 2950 2459 2950 2444 2942 2380 2852 2365 2830 2365"/></Shape>
	    <String CONTENT="Cil qui est bon et aussi toute honte" HPOS="2046" VPOS="2365" WIDTH="904" HEIGHT="124"/>
          </TextLine>

          
          
          <TextLine ID="eSc_line_c58188d6" TAGREFS="LT682" BASELINE="2046 2530 2785 2530" HPOS="2046" VPOS="2459" WIDTH="739" HEIGHT="89">
            <Shape><Polygon POINTS="2046 2544 2782 2548 2785 2530 2785 2466 2046 2459 2046 2530"/></Shape>
	    <String CONTENT="Doit bien le mauuais auoir" HPOS="2046" VPOS="2459" WIDTH="739" HEIGHT="89"/>
          </TextLine>

          
          
          <TextLine ID="eSc_line_f7e844a7" TAGREFS="LT682" BASELINE="2042 2612 3121 2604" HPOS="2038" VPOS="2511" WIDTH="1083" HEIGHT="149">
            <Shape><Polygon POINTS="3047 2533 2965 2533 2965 2530 2946 2515 2946 2511 2942 2511 2938 2511 2935 2511 2789 2518 2785 2530 2748 2533 2711 2533 2673 2533 2636 2533 2599 2533 2561 2533 2524 2533 2487 2533 2449 2533 2412 2533 2375 2533 2337 2533 2300 2533 2262 2533 2225 2533 2188 2533 2150 2533 2113 2533 2076 2533 2072 2518 2038 2518 2042 2612 2042 2660 2251 2627 2490 2645 2539 2649 2543 2649 2591 2642 2726 2623 2778 2638 2811 2645 2815 2645 2819 2645 3118 2623 3121 2604 3114 2544 3084 2541"/></Shape>
	    <String CONTENT="Pour tant sil a grant puissance ou auoir" HPOS="2038" VPOS="2511" WIDTH="1083" HEIGHT="149"/>
          </TextLine>

          
          
          <TextLine ID="eSc_line_6e726575" TAGREFS="LT682" BASELINE="2050 2690 3095 2683" HPOS="2046" VPOS="2608" WIDTH="1049" HEIGHT="108">
            <Shape><Polygon POINTS="2681 2608 2643 2608 2614 2608 2557 2623 2311 2612 2307 2612 2270 2612 2233 2612 2195 2612 2192 2612 2046 2627 2050 2690 2050 2716 3091 2716 3095 2683 3088 2623 2726 2608 2718 2608"/></Shape>
	    <String CONTENT="O nque si bel soit que riens ne lui faille" HPOS="2046" VPOS="2608" WIDTH="1049" HEIGHT="108"/>
          </TextLine>

          
          
          <TextLine ID="eSc_line_9897aeeb" TAGREFS="LT682" BASELINE="2042 2772 3136 2757" HPOS="2038" VPOS="2690" WIDTH="1098" HEIGHT="142">
            <Shape><Polygon POINTS="2487 2690 2449 2690 2412 2690 2375 2690 2337 2690 2300 2690 2262 2690 2225 2690 2188 2690 2150 2690 2113 2690 2076 2690 2072 2690 2068 2690 2065 2690 2038 2705 2042 2772 2042 2798 2259 2813 2262 2813 2322 2802 2371 2795 2389 2802 2438 2828 2442 2828 2445 2832 2524 2832 2524 2828 2528 2828 2531 2828 2565 2806 2587 2791 2677 2806 2722 2813 2726 2813 2729 2813 2740 2806 2755 2798 2767 2806 2789 2824 2793 2824 2796 2824 2800 2824 3133 2809 3136 2757 3129 2690 2561 2690 2524 2690"/></Shape>
	    <String CONTENT="Sil na bonte trestout ne uault pas maille" HPOS="2038" VPOS="2690" WIDTH="1098" HEIGHT="142"/>
          </TextLine>

          
          
          <TextLine ID="eSc_line_22657105" TAGREFS="LT682" BASELINE="2046 2925 3043 2936" HPOS="2042" VPOS="2821" WIDTH="1001" HEIGHT="149">
            <Shape><Polygon POINTS="2042 2951 2737 2970 2740 2970 2744 2970 2796 2951 2882 2970 2886 2970 3039 2948 3043 2936 3039 2824 2774 2824 2770 2824 2767 2824 2763 2824 2759 2828 2737 2847 2662 2828 2617 2821 2614 2821 2610 2821 2572 2832 2516 2847 2046 2843 2046 2925"/></Shape>
	    <String CONTENT="Et quant les fais des bons sont raconte" HPOS="2042" VPOS="2821" WIDTH="1001" HEIGHT="149"/>
          </TextLine>

          
          
          <TextLine ID="eSc_line_6b7d03ce" TAGREFS="LT682" BASELINE="2046 3015 3054 3015" HPOS="2046" VPOS="2925" WIDTH="1008" HEIGHT="127">
            <Shape><Polygon POINTS="2979 2936 2942 2936 2905 2936 2867 2936 2830 2936 2793 2936 2755 2936 2718 2936 2681 2933 2643 2933 2606 2933 2569 2933 2531 2933 2494 2933 2457 2933 2419 2933 2382 2933 2345 2929 2307 2929 2270 2929 2233 2929 2195 2929 2158 2929 2121 2929 2083 2929 2079 2925 2046 2925 2046 3015 2046 3030 2173 3052 2177 3052 2180 3052 2248 3033 2322 3052 2326 3052 2330 3052 3054 3033 3054 3015 3050 2925 3017 2925 3017 2936"/></Shape>
	    <String CONTENT="On sesioist partout ou on les compte" HPOS="2046" VPOS="2925" WIDTH="1008" HEIGHT="127"/>
          </TextLine>

          
          
          <TextLine ID="eSc_line_03ad2af8" TAGREFS="LT682" BASELINE="2050 3093 3099 3086" HPOS="2046" VPOS="3011" WIDTH="1053" HEIGHT="112">
            <Shape><Polygon POINTS="3017 3018 2979 3018 2942 3018 2905 3018 2867 3018 2830 3018 2793 3018 2755 3018 2718 3018 2681 3018 2643 3018 2606 3018 2569 3018 2531 3018 2494 3018 2457 3018 2419 3018 2389 3018 2046 3018 2050 3093 2050 3108 3062 3123 3065 3123 3069 3123 3073 3123 3099 3101 3099 3086 3088 3011 3058 3011 3054 3015"/></Shape>
	    <String CONTENT="Et se les bons les mauuais ont dompte" HPOS="2046" VPOS="3011" WIDTH="1053" HEIGHT="112"/>
          </TextLine>

          
          
          <TextLine ID="eSc_line_828f6d80" TAGREFS="LT682" BASELINE="2046 3168 3174 3160" HPOS="2042" VPOS="3089" WIDTH="1132" HEIGHT="146">
            <Shape><Polygon POINTS="3133 3093 3121 3101 2401 3093 2378 3093 2341 3093 2304 3093 2266 3093 2229 3093 2192 3093 2154 3093 2117 3093 2079 3093 2076 3089 2042 3089 2046 3168 2046 3198 2229 3198 2251 3216 2251 3220 2255 3220 2259 3220 2262 3220 2266 3220 2315 3194 2367 3231 2371 3231 2375 3231 2483 3235 2487 3235 2490 3235 2494 3235 2494 3231 2535 3194 2610 3227 2614 3227 2617 3227 2778 3194 2800 3190 2808 3194 2867 3231 2871 3231 2875 3231 2879 3235 3121 3235 3121 3231 3125 3231 3129 3231 3174 3194 3174 3160 3159 3097 3162 3153"/></Shape>
	    <String CONTENT="A chascun plaist et par nombre on les cõpte" HPOS="2042" VPOS="3089" WIDTH="1132" HEIGHT="146"/>
          </TextLine>

          
          
          <TextLine ID="eSc_line_4737fec7" TAGREFS="LT682" BASELINE="2046 3250 2894 3257" HPOS="2042" VPOS="3168" WIDTH="852" HEIGHT="194">
            <Shape><Polygon POINTS="2804 3168 2800 3168 2796 3168 2793 3168 2711 3190 2703 3194 2584 3194 2576 3186 2554 3168 2550 3168 2546 3168 2543 3168 2539 3168 2535 3168 2509 3186 2498 3190 2360 3190 2352 3183 2333 3168 2307 3168 2277 3183 2266 3186 2244 3183 2195 3168 2158 3168 2143 3168 2046 3175 2046 3250 2042 3287 2177 3354 2180 3354 2445 3358 2449 3358 2453 3358 2457 3358 2483 3339 2524 3362 2528 3362 2531 3362 2610 3347 2614 3347 2617 3347 2681 3295 2890 3295 2894 3257 2890 3250 2871 3186"/></Shape>
	    <String CONTENT="Les bons pour ramenteuoir" HPOS="2042" VPOS="3168" WIDTH="852" HEIGHT="194"/>
          </TextLine>

          
        </TextBlock>
        
        <TextBlock HPOS="747" VPOS="685" WIDTH="252" HEIGHT="229" ID="eSc_textblock_1d52e183" TAGREFS="BT1964">
          <Shape><Polygon POINTS="747 685 747 914 999 914 999 685"/></Shape>
          
        </TextBlock>
        
        <TextBlock HPOS="2022" VPOS="2102" WIDTH="253" HEIGHT="235" ID="eSc_textblock_0129cb4a" TAGREFS="BT1964">
          <Shape><Polygon POINTS="2022 2102 2022 2337 2275 2337 2275 2102"/></Shape>
          
        </TextBlock>
        
        <TextBlock HPOS="741" VPOS="2596" WIDTH="264" HEIGHT="258" ID="eSc_textblock_450c31ca" TAGREFS="BT1964">
          <Shape><Polygon POINTS="741 2596 741 2854 1005 2854 1005 2596"/></Shape>
          
        </TextBlock>
        

        
      </PrintSpace>
    </Page>
  </Layout>
</alto>
