3438 4430
749 550 816 284 Bien sauoir compter ⁊ rabatre

757 804 757 100 Et amaint leaue faire batre

764 874 820 115 Et faire en uain cornars ueillier

760 956 831 110 Et pour neant eulx traueillier

745 1055 868 96 Monstrer semblant de fort amer

742 1118 845 129 Sans en sentir ne doulz namer

786 1244 188 258 I

982 1251 683 155 e uous ueus le pãnier doisier

771 1428 713 126 hõme qui de fẽme mesdie

982 1369 705 122 On ne doit amer ne prisier

753 1524 772 111 Ne le croire de riens quil die

757 1602 624 99 Si estes de ce renõme

757 1679 856 118 dont uous en estes moins ame

974 1856 717 93 e uous uens loy sellet en cage

775 1828 193 220 I

757 2000 749 107 Car uous estes ⁊ bel et doulz

971 1919 783 129 se uous estes faulx cest dõmage

757 2082 793 107 Si nayez telle tache en uous

760 2174 683 122 Et digne serez dester ame

738 2255 705 115 Bel ⁊ bon et bien renõme

1004 2392 727 122 e uous uens le uert chappelet

745 2366 269 244 I

723 2576 946 104 Mais que ses taches soient bonnes

989 2495 783 111 nul amant ne puet estre lait

775 2646 753 96 De loyaute suiue les bonnes

760 2720 754 107 Si sera digne que len laime

771 2794 816 137 Et que sa dame amy le claime

963 2927 731 129 e uous uens la clere fontaine

767 2933 218 252 I

967 3016 831 136 ie uoy bien que ie pers ma paine

716 3123 846 107 Dame de tant bons requerir

738 3185 953 163 Puis que riens ny puis acquerir

2027 712 894 114 Quonques uous uy leure maudy

2045 804 754 115 Ie menuois et adieu uous dy

2034 900 200 285 I

2241 930 761 144 e uous uens le chappel de soye

2241 1029 816 119 Cuidiez uous qua pourueoir soye

2031 1103 734 111 Damy gentil ieune et ioly

2038 1199 816 111 Qui de bon cuer manut et ie ly

2019 1273 876 122 Nen me uoir si pert bien sa paine

2031 1358 830 122 Qui de mamour auoir se paine

2008 1465 237 259 I

2248 1509 661 130 e uous uens le cuer du lyon

2019 1676 824 103 A tousiours mais sans deslier

2245 1602 613 107 Ur̃e cuer et le mien lion

2034 1753 706 103 Et pour nr̃e amour alier

2038 1834 831 111 Par uray serment le promettons

2034 1912 746 118 Et corps ⁊ auoir y mettons

2230 2041 853 122 e uous uens la couldre qui ploye

1994 1989 240 329 I

2031 2237 723 96 Ie ne scay se je suis amee

2234 2141 856 133 En bien amer mon cuer employe

2012 2310 798 115 Mais je ne dois estre blasmee

2038 2392 775 99 Dauoir mon cuer a cil donne

2038 2458 816 140 Qui sur tous est bien renõme

2038 2580 192 251 I

2252 2606 765 114 E uous uens lanellet dor fin

2031 2765 1019 132 Puissent tous ces mesdisans faire

2237 2691 746 133 ie pry a dieu que male fin

2031 2853 956 126 Qui se meslent dautrui affaire

2038 2938 864 118 Souuent esueillent ialousie

2038 3012 949 140 Qui plusieurs met en frenaisie

2003 3140 293 252 D

2263 3156 824 177 un espreuier bons uens la longe
