3497 4421
847 1694 608 118 ucunes gens me prient ⁋.

840 1761 313 103 que Ie face

832 1838 535 136 Aucuns beaulx diz et

840 1945 471 88 que Ie leur enuoye

832 2015 533 114 Et de ditter dient que

353 1666 486 507 A

383 2166 980 140 Mais sauue soit leur paix Ie ne sauroye

829 2088 317 129 Iay la grace

375 2210 970 181 Faire beaulx diz ne bons. mais touteuoye

372 2284 895 184 Puis que prie men ont de leur bonte

364 2376 1036 173 Paine y mettray combien quĩgnouĩt soye

383 2457 895 180 Pour acomplir leur bonne uoulante

361 2652 965 129 Mais Ie n ay pas sentement ne espace

372 2700 810 173 De faire diz. de soulas ne de Ioye

361 2774 1020 188 Car ma doulour qui toutes autres passe

357 2858 1002 163 Mon sentement ioyeux du tout desuoye

364 2936 1102 173 Mais du grant dueil qui me tient morne ⁊coye

364 3006 859 184 Puis bien parler assez et aplante

350 3072 891 232 Si en diray uoulentiers plus feroye

2634 629 354 299 6259

1636 751 958 129 Pour acomplir leur bonne uoulante

1650 865 1017 181 Et qui uouldra sauoir pourquoy efface

1647 976 1020 129 Dueil tout mon bien. uoulentiers le diroye

1647 1057 987 144 Ce fist la mort qui feri sans menace

1647 1142 980 125 Cellui de qui trestout mon bien auoye

1647 1219 1013 136 Laquelle mort ma mis et met en uoye

1643 1296 910 144 De desespoir ne puis Ie nos sante

1632 1377 1080 151 De ce feray mes diz puis quon men proye

1628 1455 899 143 Pour acomplir leur bonne uoulente

1614 1606 913 162 Princes prenez en gre se Ie failloye

1632 1705 811 122 Car le dittier Ie nay mie hante

1636 1783 958 121 Mais maint men ont prie ⁊ Ie lottroye

1606 1864 943 147 Pour acomplir leur bonne uoulante

1869 2000 784 147 u temps Iadis en le cite de Rõme

2063 1959 55 111 .ii.

1617 1971 236 272 O

1632 2188 991 129 ung en yot. Tel fu que quant un hõme

1864 2118 921 140 Orent Rõmains maint noble ⁊ bel usaige

1625 2269 910 125 En fait darmes sen aloit en uoyage

1617 2343 903 136 Et la faisoit aucun beau uasselage

1617 2431 899 125 Et puis sen feust a rõme retourne

1595 2508 1032 140 Cellui estoit pour pris de son bernage

1614 2593 869 136 digne destre de lorier couronne

1591 2744 1128 129 De celle honneur on prisoit moult la sõme

1595 2851 1083 114 Car le plus pieu lauoit ou le plus saige

1584 2910 1083 144 Pour ce pluseurs que cy pas ie ne nõme

1588 2998 954 115 Sefforcoient den auoir lauantaige

1566 3076 932 125 Bien y paru car de hardi uisage

1606 3157 1124 199 ⟦Pompterent ceulx  dauffrique en leur regne⟧

1765 416 512 107 Mouchet n°6
