3330 4533
695 815 801 102 Ou tost nouuelles certaines

695 876 786 98 Iusqua la me fault pener

676 955 862 98 Tant ont a durer mes paines

1115 1031 189 128 .xxxui.

706 1050 220 268 S

926 1095 854 121 e uraye amour est en un cuer fichee

922 1182 877 136 sans uarier et sans nulle faintise

695 1265 971 125 Certes cest fort que de legier dechiee

684 1344 975 106 Aincois  des de plus en plus latise

718 1416 1039 140 lardant desir et en lamour qui sest mise

706 1518 907 98 dedens le cuer qui si le fait liez

706 1571 1115 147 Quil nen pourroit partir en mille guise

703 1662 1031 139 Et qui pourroit celle amour oublier

676 1820 1104 136 Pour moy le scay qui suis toute sechee

699 1918 1017 114 Pour trop amer, car sans recreandise

706 1998 1047 124 Ay si mamour fermement atachee

710 2073 949 114 A cil amer on ie lay toute assise

706 2145 1157 132 Quen ce monde nul autre auoir ne prise

699 2236 911 117 Ne ie ne fais fors melancolier

706 2292 1195 163 Quant loings en suis reins nest qͥ me souffise

710 2387 990 140 Et qui pourroit celle amour oublier

714 2527 1058 136 Ne ne pourroit iamais estre arachee

703 2614 1251 147 Si faitte amour car pour droit que gy uise

721 2712 1074 124 Je nay pouoir quen moy de rien dechee

718 2795 971 132 Et si suis ie dautres assez requise

676 2863 1236 147 Mais riens ny uault ung ma du tout acquise

665 2954 1039 124 Tant pourchaca pour soy humilier

721 3033 1044 132 Que ie me mis du tout a sa franchise

729 3123 1005 118 Et qui pourroit celle auoir oublier

1167 3195 257 121 .xxxuii.

963 3256 734 158 our uous mamour desiree

716 3204 255 297 P

1946 789 533 121 Ay ioys si adiree

1969 868 408 95 Sans mentir

1973 929 642 121 Qu ades uouldroye sentir

1976 1016 666 124 La mort pour estre tiree

1976 1110 673 95 Du mal qui ma empiree

1973 1193 695 140 Et si ne men puis partir

1957 1341 707 124 Ne pour tost estre curee

1973 1420 680 113 La paine quay enduree

1973 1503 325 113 Consentir

1957 1560 707 151 Ne me puis ne assentir

1973 1662 703 109 A autre amour procuree

1991 1741 579 125 I en seroye pariuree

1969 1832 703 147 Et si ne men puis partir

1969 1964 767 121 Cest pour uostre demouree

1973 2054 756 148 Ma doulce amour sauouree

1973 2153 374 94 Qui partir

1995 2206 749 158 Fera mon cuer com martir

1984 2296 741 121 I en suis tainte com moree

1988 2376 597 105 Et toute descoulouree

1984 2444 707 143 Et si ne men puis partir

2271 2549 227 95 .xxxuiii.

2014 2561 197 268 H

2226 2598 578 129 elas doulz loyaulx amis

2226 2700 620 152 En grant desir attendoye

1950 2784 767 113 Le terme que mauiez mis

1988 2840 771 125 De retourner mais ma Ioye

1957 2927 851 132 Tourne en dueil tout est casse

1999 3014 718 113 Le bon espoir que iauoye

1991 3097 772 166 Puis que le terme est passe

1991 3252 779 185 Uous mauiez dit ⁊ promis

2725 3898 381 193 Et ainsi je lesꝑere
