8025 5241
1109 471 1215 136 estoit ressours du sepulcre au matin

1105 567 1227 114 le premier Iour de la sepmaine il sappa

1100 646 1189 113 rut a marie magdelaine, de la quelle

1100 742 1193 122 Il auoit gicte hors .uii. dyables, Cest

1100 812 1167 140 a dire les .uii. pechiez mortelz, elle

1096 908 1267 118 ala ⁊ nonca a ceulz quoi estoient auec

1092 1008 1236 114 ques lui Cest aus apostres qui pleu

1083 1100 1271 109 roient quant elle ot dit que il uiuoit

1065 1161 1267 149 et quelle lauoit ueu, si ne len crurẽt

1113 1266 302 87 mie..

1310 1323 1062 135 pres ce Il sapparut en une aut̾

1301 1415 1049 135 semblance aux .ii. disciples qui

1083 1314 201 315 A

1301 1524 1018 100 aloient ensemble ces deux le

1092 1598 1232 87 noncerent aus autres, et encore ne

1087 1672 1228 101 le crurent Il mie, au derrenier Ihũ

1070 1751 1184 131 sapparut aux .xi. qui seoient au

1052 1829 1276 145 mengier ⁊ leur Reprocha leur mes

1087 1934 1215 101 creance et la durte de leurs cuers

1079 2000 1262 118 puis leur dist alez par tout le mõde

1079 2070 1297 122 et preechiez lenuangille a toute

1065 2183 1245 114 creature qui croira ⁊ sera baptiziez

1083 2271 1271 113 et sera sauf, et cil qui ne croira sera

1079 2345 1253 122 dampnez et cilz qui croiront feront

1074 2437 1171 91 miracles Ilz getteront hors des

1087 2506 1219 136 corps les dyables en mon nom et

1079 2598 1218 109 pareleront nouuel langage et cha

1079 2681 1271 118 ceront les ẜpens, Cest Ilz osteront

1070 2777 1302 140 les dyables des corps ce est les pechiez

1083 2856 1223 140 mortelz, et  ᷤ ͤ Ilz boiuent uenin por

1079 2965 1170 114 tant mort, Il ne leur fera ia

1079 3044 1205 104 mal, Ilz mettront leurs mains

1079 3135 1205 96 sur les malades si les saneront

1074 3210 1180 131 Ihũs qui est nr̃e sires fu receus

1083 3288 1245 136 ou ciel apres ce quil ot parle a eulz

1083 3397 1254 92 et siet a la destre de dieu, cilz alerẽt

1087 3463 1250 127 et preeschierent par tout le monde

1083 3546 1254 135 le nom de dieu nostre pere qui les

1079 3642 1240 140 paroles confermoit et que ce qui le᷑

1079 3738 1118 131 auoit dit ensuiuirent. Amen..

1074 3983 1267 144 Explicit la longue enuͣgille selonc

1092 4066 1004 214 saint marc lenuangeliste..

2564 454 1149 148 Ci cõmẽce la longue enuͣgille de la grant

3385 576 371 100 sepmaine de

3389 633 420 105 karesme selõc

3398 711 468 140 S̃ Iẽh lenuͣgeliste

2447 595 938 1055 Q

3385 764 328 105 uant Ihũ

3385 851 380 105 ot ainsi ꝑle

3403 921 332 109 a ses disci

3420 1000 332 113 ples Il sen

3407 1074 319 113 uint auec

3411 1170 302 96 ques ses

3381 1244 327 131 disciples

3403 1358 314 83 oultre le

3416 1428 314 126 Russel de

3420 1532 350 88 cedron ou

2490 1594 1262 139 un courtil estoit ou quel Il Repai

2573 1694 1157 101 roit souuent ⁊ Iudas qui trair et

2559 1777 1245 131 baillier le uouloit aus Iuifs sauoit

2559 1860 1176 127 bien celui lieu ⁊ que Ihũs uenoit

2581 1969 1106 101 illecques souuent auecques ses

2573 2030 1162 127 disciples iudas ot pris une grant

2568 2113 1219 101 tourbe cest une grant compaignie

2559 2188 1193 131 deuesques et de pharisiens et uin

2568 2275 1180 122 drent ylecques a armes ⁊ a lent̾

2564 2358 1140 109 nes et a brandons de feu, Ihũs

2564 2441 1188 127 qui tout ce sauoit qui estoit a aue

2564 2520 1175 109 nir a la encontre eulz et leur dist

2564 2620 1184 122 que querez uous cilz Respondirent

2568 2690 1110 118 nous querons Ihũs de nazareth

2573 2790 1197 131 Ihũs leur dist ce suis Ie Iudas qui

2559 2882 1136 92 le luiroit estoit entreulz quant

2546 2952 1215 135 Ie leur dist ce suis Ie Ilz Reculerẽt

2568 3035 1184 113 et chairent contre terre, derrechief

2564 3131 1219 118 Ihesus leur demanda que querez uoꝰ

2564 3205 1236 118 cilz distrent Ihũ de nazareth Il leur

2559 3293 1219 135 Respondi Ie uous ay dit que ce sui Ie

2551 3384 1153 105 Se uous me querez lessiez ceulz

2559 3485 1158 118 aler, et que la parole que Ihesus

2559 3576 1202 110 dist soit acomplie que Ie nay mie

2559 3659 1219 105 pardu aucuns de ceulz que tu mas

2559 3747 1211 105 cõmande et pourquoy leur ala Ihũ

2559 3825 1128 131 a lencontre offrir soy quant Ilz

2559 3904 1202 114 estoient uenus pour le prendre et

2551 4004 1219 140 pourquoy fist Il par sa uertu qui

2542 4101 1228 122 cherrent encontre lui a terre quãt

4416 467 1136 175 Il leur dist ce suis Ie Il semble que

4412 593 1127 105 Iudas soit escusable, et quil liura

4412 681 1157 109 soy meismes, mais ce fu pour lamo᷑

4412 759 1118 105 et pour la charite que Il auoit au

4412 847 1122 100 monde que Il uouloit Racheter de

4412 925 1127 123 son precioux sanc, Iudas le liura

4407 1008 1158 110 par son auarice et par sa conuoi

4412 1104 1184 118 tise et pour ce leur ala Ihũ alen

4412 1183 1201 127 contre disant, Ie suis Ihũs de naza

4407 1275 1180 135 reth pour monstrer que Il souffer

4407 1362 1123 101 roit uolentiers et que ce nestoit

4399 1450 1131 100 mie contre sa uolente, et tout ce

4403 1511 1114 144 fist il par la uertu de sa deite, et

4394 1611 1158 109 quant Il leur dist Ie suis Ihũs de

4394 1698 1175 114 nazareth quilz cherrent a terre quilz

4394 1773 1206 135 apꝑceussent quilz nauoient nul pou

4390 1847 1232 131 oir contre lui fors qua sa uolente.

4377 1943 1223 118 Simon pierre qui tenoit une espee

4381 2030 1167 123 la traist ⁊ en feri le sergent a un

4381 2100 1180 127 des euesques ⁊ lui trencha loreille

4390 2188 1206 126 destre cil sergent auoit a nom mal

4386 2266 1166 140 chus, lors dist Ihũs a pierre mes

4381 2340 1110 140 lespee ou fourrau, ne ueulz tu

4377 2450 1096 109 mie que Ie boiue au hanap que

4377 2537 1166 122 mes peres ma donne Ihũs appelle

4372 2620 1219 135 ci sa passion hannap, si cõme Il dist

4368 2716 1131 127 en lenuangille a Iehan ⁊ a Iaque

4359 2777 1210 131 filz zebedee, pourrois uous boire au

4364 2860 1153 131 hanap que Ie ay a boire li centor

4372 2965 1193 131 et le tribumens Cest a dire ceulz qui

4372 3044 1180 126 auoient seigneurie sur une ligniee

4368 3131 1149 135 des Iuifs pristrent Iehsuin ⁊ le lie

4359 3227 1132 114 rent et lamenerent a aman qui

4364 3306 1170 118 estoit gendre Cayphas, Cest. que

4364 3397 1170 110 Il auoit la fille Cayphas estoit cil

4359 3476 1167 118 qui conseil auoit donne aus Iuifs

4372 3563 1119 92 quil conuenoit un hõme mourir

4359 3646 1140 123 pour le monde ce est pour le peu

4359 3716 1175 153 ple Symon pierre a suiuoit Ihesuin

4355 3812 1123 136 de loing, et uns autres disciples

4359 3900 1149 135 auecques lui qui congneuz estoit,

4346 3991 1158 118 de leuesque Il entra en la court de

4342 4061 1162 188 leuesque et dist a lancelle que elle

5823 524 1219 122 le lessast entrer ens, aucuns dient

5823 607 1245 113 dient que cil qui entra auecques Ihũs

5818 698 1280 123 et qui issi hors ⁊ fist entrer saint ꝑre

5818 781 1263 127 fu Saint Iehan lapostre qui fist ceste

5823 860 1315 109 enuangille, lors dist lancelle portiere

5814 952 1228 109 a pierre tu es des disciples a cestui

5823 1039 1262 122 hõme et Il Respond non sui li ẜgẽt

5823 1131 1258 113 et li menistres estoient au feu car

5823 1209 1249 127 Il faisoit froit ⁊ se chauffoient ꝑre

5823 1292 1223 101 se chuaffoit auecques eulz li eues

5814 1375 1245 127 que demanda a Ihm̃ de ses discipl̶

5818 1467 1215 118 et de sa doctrine, Ihũs lui Respondi

5801 1541 1206 114 Ie ay apꝑceurent parle au monde

5814 1637 1188 105 Ie enseignay tousiours ou temple

5805 1725 1289 104 et en la sinagogue ou tous les Iuifs

5805 1790 1215 109 sassemblerent ne ne dis Riens en

5805 1878 1263 104 secret pourquoy le me demandes tu

5797 1965 1249 118 Demande a ceulz a qui Ie ay parle

5797 2039 1192 131 que Ie leur ay dit, quant Il ot

5805 2126 1228 110 ce dit uns des menistres qui ylec

5797 2205 1280 122 ques estoit donna une buffe a Iħm

5797 2301 1284 131 disant. Respons tu a leuesque, cest

5810 2375 1205 131 cõment oses tu Respondre en telle

5797 2476 1245 113 maniere a leuesque Ihũs lui dist se

5805 2550 1206 122 Ie ay malment parle encontre tes

5792 2651 1267 87 moing mauuais, et Ie ay bien dit

5788 2738 1323 87 pourquoy me bas tu annas enuoia

5788 2790 1232 144 Ihesu lie a Cayphus leuesque Sy

5792 2886 1319 140 mon pierre estoit ylecques ⁊ se chauf

5792 2969 1276 131 foit Ilz distrent es tu doncques dis

5792 3061 1210 96 ciple a cest hõme Il le nia ⁊ dist

5792 3140 1223 131 Ie nen suis mie un des ẜgens a le

5788 3240 1323 96 uesque cousin celui a qui pierre auoit

5783 3314 1206 110 coppe loreille dist dont ne te uy Ie

5779 3393 1219 105 auecques lui on courtil derrechief

5779 3480 1223 105 pierre le nia et le coq. chanta maĩ

5779 3572 1241 122 tenant, lors menerent Ilz Ihesus

5775 3664 1175 105 a cayphas ou pretoire, Il estoit

5783 3738 1237 105 matin Ilz nentrerent mie ou p̾toire

5775 3821 1284 118 quilz ne feussent soilliez mais quilz

5779 3930 1180 105 peussent mengier la pasque, Ilz

5775 3996 1219 126 creoient lors que se Ilz entrassent

5766 4096 1210 140 en maison dõme paien ou quil ne

7334 384 179 214 23

7552 271 108 196 23
