7861 5219
1057 504 1222 104 uesteure ⁊ mistrent sort que ce feust a

1052 578 1223 117 empli que li prophete dist ilz deuise

1052 656 1236 131 rent entreulz mes uestemens et mis

1052 756 1205 109 trent sort sur ma Robe, et il seant

1052 839 1262 130 le Regardoient ilz mistrent sur lui sa

1057 913 1192 135 cause escripte sur son chief, cist est

1057 1017 1205 122 ihũs de Nazareth Roy des Iuifs lors

1057 1104 1183 122 furent crucefiez auecques lui deux

1057 1169 1257 118 larrons, lun a destre ⁊ lautre a senes

1057 1261 1222 130 tre, cilz qui passoient par le chemin

1052 1361 1210 113 ⟦le⟧ le deslengoient crolant les chiefs

1057 1439 1239 131 et disoient tu qui destruis le temple

1057 1517 1270 126 dieu et le redefies en .iii. iours sauue

1061 1613 1249 126 toy meismes se tu es filz dieu descent

1057 1704 1231 105 de la croix, Ensement des princes

1061 1774 1231 122 des prestres auecques les sages des

1057 1857 1283 100 iuifs de la loy et o les uiellars disant

1026 1939 1301 131 Il a fait les autres saufs et, Il mes

1065 2026 1245 135 mes ne se puet mie sauuer se Il est

1070 2109 1192 130 Roys disrael descende de la croix et

1074 2205 1292 117 nous croirons en lui Il se fu fie en dieu

1074 2274 1201 135 et Il le deliure se Il ueult, et Il dist

1065 2357 622 126 Ie suis filz dieu..

1059 2475 283 295 L

1287 2431 1066 126 i larrons qui estoient crucefiez

1335 2548 988 104 auecques lui des leure de tierce

1300 2626 1027 127 de ci a nonne tenebres furent

1070 2718 1261 95 sur toute terre entour heure de nõne

1065 2783 1245 148 Ihũ sescria a haulte uoix hely. hely

1074 2887 1240 118 la mazathain Cest a dire mon dieu

1074 2970 1201 126 mon dieu pourquoy mas tu lessie.

1074 3053 1188 126 aucuns qui estoient illecques qui

1078 3140 1227 121 orrent ce disoient, Il appelle helyer

1091 3231 1188 100 uns deulz courut maintenant et

1091 3314 1184 121 prist une esponge ⁊ lempli de uin

1091 3388 1179 134 aigre, et le mist en un uosel ⁊ lui

1091 3457 1266 131 donna a boire li autres disoient uoi

1091 3553 1271 113 ons se ches uendra oster le ihũ criãt

1091 3635 1192 131 derrechief a haulte uoix mist hors

1104 3735 1188 140 son esperit, et li uoilles du temple

1109 3805 1240 126 fu deuisez ⁊ fendus par soy meism̃

1096 3905 1209 122 den hault de ci au bas la terre crolla

1091 3983 1271 126 ⁊ les pierres fendirent, et les monu

1104 4092 1301 148 mens ouurirent, et plusieurs corps

2510 487 1248 130 sains resusciterent qui mors estoient

2531 574 1188 104 issans de leurs monumens uindrẽt

2531 661 1149 121 apres sa resurreccion en la sainte

2531 730 1171 139 cite cest en Ih-rlm et sapparurent a

2531 821 1153 144 plusieurs li centurions, et cil qui

2531 913 1210 130 estoient auecques lui pour garder.

2527 1009 1227 108 de Ihũ. Quant ilz uirent les monu

2531 1082 1205 131 mens de la terre ouuers et les au

2527 1165 1144 126 tres signes qui fais estoient Ilz

2531 1252 1140 126 orent grant paour et distrent.

2531 1335 1158 139 uraiement estoit cil filz dieu plu

2536 1422 1166 135 seurs fẽmes estoient illecques ue

2527 1526 1170 122 nues de loing qui auoient serui

2531 1613 1245 113 Ihesuin ⁊ amenistre a lui et sainte

2536 1704 1205 109 marie magdeleine estoit auecques

2540 1770 1175 117 elles, et marie la mere saint Ieħ

2540 1865 1162 118 et saint Iaques, et la mere aus

2540 1939 1144 135 filz Zebedee. Quant ce fut sceu

2536 2035 1213 104 uns riches homs uint de abarima

2544 2131 1171 104 cie que auoit nom Ioseph et estoit

2540 2200 1227 113 disciple Ihũs Cil sen uint a pilate

2540 2274 1175 113 et lui requist le corps ihũs lors

2549 2374 1183 109 cõmenda pilate que le corps lui fu

2527 2448 1205 139 rendus, et quant il li fu rendus

2553 2535 1131 131 Il lenuelopa en un uert sidoine

2557 2626 1192 118 et le mist en un nuef monumt

2557 2718 1240 135 quil auoit fait entaillier de pierre

2557 2805 1166 130 et mist une grant pierre sur le

2562 2900 866 96 monument si sen ala..

2536 3010 296 286 M

2792 2944 901 152 arie magdeleine et une

2801 3035 1009 161 autre marie estoient illuec

2797 3118 948 174 ques seans Iouste le sepul

2592 3222 1136 135 cre, lautre Iour qui est apres la

2566 3305 1179 148 paracene cest a dire qui est apres

2562 3405 1153 135 la preparacion, li iuifs auoient

2566 3492 1244 135 lors fait appareillier, leur pasque

2571 3566 1252 139 li prĩces des prestres ⁊ li phairisies

2566 3683 1136 109 uindrent a pilate ⁊ lui distrent

2571 3753 1161 139 sire nous nous sõmes recordez q̃

2575 3849 1114 108 cil dist quil uiuoit encore, Ie

2571 3905 1161 157 respondray empres .iii. iours cõ

2588 3996 1153 140 mande donc que son sepulcre soit

2575 4075 1240 204 gardez de ci au tiers pour que par

4380 521 1205 118 auenture ses disciples ne uiengnent

4367 604 1231 104 ⁊ lemblent, et puis dient au peuple

4376 682 1205 131 que Il est resuscitez, car ceste orreur

4367 765 1249 130 seroit pieur que la premiere, pilate

4367 852 1223 122 leur dist uous auez garde cest a dire

4363 935 1161 130 uous auez congie de moy de faire

4367 1017 1218 118 le garder alez si le garderez, si con

4363 1100 1231 113 uoirs sauez, Ilz alerent ⁊ garderent

4359 1178 1248 139 le sepulcre, et seignierent la pierre

4432 1261 683 122 y mistrent gardes

4319 1252 257 396 A

4567 1339 944 144 u uespre le samedi qui fu

4567 1439 992 109 le premier Iour de la sepm̃

4589 1509 935 139 marie magdeleine ⁊ lautre

4293 1613 1231 109 marie uindrent ueoir le sepulcre

4363 1687 1148 104 et uns tres grant escrolement de

4363 1757 1157 152 t̾re fu fait li anges nostre seigñ

4324 1839 1253 126 descendu du ciel, et uint au monu

4354 1939 1218 139 ment ⁊ sassist dessus son Regart

4350 2039 1196 105 ce est son uiaire estoit ainsi cõme

4345 2100 1205 144 foudres et ses uestemens blans cõe

4341 2200 1266 131 noif les gardes furent espouentez

4345 2292 1258 104 de lui et cherrent ainsi cõme mors

4341 2370 1227 139 li anges dist aus .ii. fẽmes ce est

4341 2465 1179 122 aus .ii. mairez naiez mie paour

4350 2531 1157 143 Ie scay que uous querez Ihũs qui

4345 2613 1240 157 fu crucefiez nest mie ci Il est Resusci

4345 2713 1219 140 tez si cõme Il uous dist uenez et

4332 2805 1162 108 ueez le lieu ou Il auoit este mis

4324 2879 1222 143 puis alez tost ⁊ dittes a ses discipl-

4328 2983 1218 100 que Il est Resuscitez et uous deuan

4328 3057 1257 139 cera en galilee elles issirent tantost

4328 3140 1222 130 du monument et orent paour et

4328 3227 1205 117 ioie grant, elles coururent ⁊ tout

4328 3331 1201 113 ce noncierent a ses disciples Ihũ

4324 3409 1153 96 uint entre elles ⁊ leur dist dieu

4324 3479 1209 139 uous sault elles saprochierent et

4328 3575 1201 134 tindrent les piez ⁊ laourerent Ihũ

4324 3648 1187 127 leur dist naiez mie paour alez et

4319 3735 1249 140 nonciez a mes freres que Ilz aillent

4324 3831 1144 118 en galilee ⁊ illecques me uerront

4328 3905 1249 152 Ilz quant elles sen ꝑtirent les unes

4328 4009 1153 118 des gardes sen alerent en la cite

4328 4092 1231 170 et noncierent aus princes des pres

5816 530 1235 131 tres tout ce qui estoit auenu li uiel

5816 608 1187 140 lart pristrent tantost de ce, conseil

5812 700 1261 117 donnerent grans peccunes aus chlr̃s

5816 795 1235 135 quilz deissent que ses disciples uin

5825 887 1274 113 drent par nuit quant Ilz dormoiẽt

5816 956 1201 118 et lauoient emble et se pilate ot

5816 1039 1235 126 ce nous le admonnesteront et uoꝰ

5803 1126 1227 104 asseurerons, Cilz pristrent la pec

5803 1217 1283 100 cune, et firent si cõme Il leur estoit

5803 1296 1287 126 enseignie, Ceste parole fut publiee

5803 1378 1161 126 entre les iuifs Iusques au iour

5794 1470 1240 108 dui li .xii. disciples alerent en ga

5790 1539 1292 122 lilee ou mout ou Ihũs leur auoit

5794 1622 1253 117 commande, et quant Ilz le uirent

5803 1709 1183 117 Ilz laourerent li uns doubterent

5790 1804 1200 122 Ihũs approcha ⁊ lour dist alez et

5798 1900 1192 100 si enseigniez toutes gens, et les

5790 1961 1209 113 baptiziez ou nom du pere et du

5790 2044 1218 143 filz et du saint esperit et les en

5790 2139 1200 105 seigniez a garder ce que Ie uous

5790 2226 1261 118 ay cõmande, et Ie seray auecques

5785 2296 1218 161 uous tandis iusques a la fin du

5785 2387 279 144 siecle..

5772 2622 1236 148 Explicit la longue enuangille de

5785 2731 1232 126 la grant sepmaine de pasques la

5781 2809 1244 113 premiere selonc saint mathieu..

5781 2909 1196 118 Cest la longue enuangille de la sep

5772 2992 1223 130 maine penense selon saint luc le

5785 3070 744 126 benoit enuangeliste..

5737 3223 864 886 L

6582 3205 378 183 i iour de

6603 3348 418 148 feste qui est

6599 3453 391 87 appele pas

6612 3527 435 108 ques aꝓchoit

6612 3609 365 118 li prĩces

6608 3688 430 108 des prestres

6621 3783 365 96 et li sages

6612 3840 357 135 de la loy q̃

6595 3922 352 114 roient cõ

6603 4009 322 144 ment Ilz

5759 4101 1210 191 occeissent Ihesum car Ilz crimoiẽt

7369 417 130 161 16

7521 240 110 221 16
