8035 5251
1076 490 1239 105 feust de leur loy quilz feussent soil

1076 564 1204 114 liez et quil se conuenist chascun Io᷑

1067 651 1243 92 lauer dyaue de ci a .uii. Iours pila

1076 739 1230 109 te issi hors a eulz ⁊ leur dist de qͦy

1067 827 1353 100 accusez uous cest hõme Ilz Respondirẽt

1063 897 1230 118 et distrent Se Il ne feust maufai

1072 1002 1216 87 teur nous ne le te eussions mie a

1067 1085 1226 96 mene, lors leur dist pilate uous

1067 1150 1256 123 meismes le prenez et si le Iugez

1067 1233 1221 132 selonc uostre loy lors distrent li

1072 1330 1269 114 Iuifz Il ne uous loist pas a occirre

1076 1404 1190 118 aucun et ce fu que la parole Ihũ

1076 1509 1274 96 crist feust acomplie qui dit Segne

1080 1584 1173 105 fiant de quel mort Il mourroit

1076 1680 1252 96 pilate entra derrechief ou pretoire

1063 1750 1269 118 ⁊ appella Ihũ crist Si lui dist donc

1067 1820 1204 127 es tu Ihũs ne lui Respondi mie.

1063 1920 1230 106 Derrechief pilate lui demanda et

1063 1991 1212 131 dist tu es Roys des Iuifs Ihesus

1076 2082 1129 123 lui Respondi dis tu ce par toy

1076 2183 1212 101 meismes ou li autre le tont dit

1076 2262 1256 122 de moy, pilate lui Respondi suis

1076 2362 1269 110 Ie doncques Iuifs ta gent ⁊ leues

1076 2437 1239 109 que tout baillie a moy que leur

1080 2502 1235 145 as tu forfait, Ihũs lui Respondi

1089 2612 1195 83 mon Royaume nest mie de cest

1080 2695 1173 92 monde, se mon Royaume feust

1076 2769 1230 119 de cest monde, mes menistres et

1080 2844 1213 131 mes ẜgens estrinassent que Ie

1080 2944 1252 114 ne feusse mie es mains des Iuifs

1080 3032 1226 87 dont nest mie mon Royaume ci

1085 3098 1251 109 pilate lui dist es tu doncques Roy

1063 3176 1230 132 Ihũs Respondi tu dis uoir que Ie

1089 3273 1208 131 suis Roy Ie suis nez pour ce que

1085 3351 1203 127 Ie uenisse en cest monde et apor

1098 3430 1177 110 tasse tesmoing de uerite. Tuit cilz

1094 3518 1216 105 qui sont de uerite oient ma uoix

1094 3605 1234 110 pilate lui dist que est uerite uerite

1094 3688 1260 123 dist dieux est descendue du ciel a t̾re

1085 3785 1251 87 entent a la uerite qui a toy parole

1080 3846 1221 118 Quant Il ot ce dit pilate issi du

1080 3938 1243 131 pretoire derrechief ⁊ dist aus Iuifs

1037 4034 1256 193 Ie ne truis nulle achoison en lui

2547 481 1225 100 dont Il ait mort deseruie pretoire

2547 581 1172 119 proprement est maison ou li plais

2555 660 1156 118 sont tenus et Iugement donne Il

2555 752 1226 110 est coustume dit pilate que en donne

2555 822 1138 101 a pasques un prisonnier, uoulez

2555 905 1121 118 uous que Ie baille entre uous le

2547 993 1225 122 Roy des Iuifs, lors sescrierent dure

2555 1080 1125 110 chief disant. nous ne uoulons

2555 1163 1221 105 mie que tu nous donne Ihesu mais

2547 1238 1159 131 barrabam. barrabam estoit uns

2547 1330 512 100 homs lierres.

2533 1409 259 310 L

2809 1400 845 144 ors prist pilate Ihesu et le

2805 1492 875 127 fist batre, et li cheualiers

2809 1588 932 127 lui mistrent courronnes despi

2555 1662 1191 118 nes sur le chief ⁊ lauironnerent

2555 1745 1151 110 Cest encloirent dun mantel de

2555 1833 1151 114 pourpre si uenoient a lui ⁊ lui di

2555 1916 1226 131 soient Roy des Iuifs dieux te sault

2555 2008 1230 114 et lui donnoient buffee ⁊ lescharnis

2555 2078 1182 127 soient, pilate derrechief issi hors

2555 2179 1182 113 du pretoire, et lors dist ueez Ie le

2555 2266 1160 101 uous amonui hors que uous

2555 2341 1103 131 sachiez que ie ne treuue en lui

2555 2419 1213 132 mille cause de mort, lors issi Iħu

2568 2511 1156 101 portant la couronne despines et

2564 2586 1177 118 le mantel de pourpre, pilate leur

2564 2664 1164 149 dist ueez ci lõme, Cest puis quil

2560 2765 1286 127 na en lui cause de mort, Ie ne uueil

2564 2853 1208 105 mie traitier a mort a toit ⁊ sans

2547 2936 1172 131 Raison, Quant les euesques et

2568 3032 1173 105 les Iuifs le uirent, Ilz crierent

2573 3102 1181 131 tuit disant Crucefiez le crucefiez

2568 3203 1160 122 le, pilate leur dist prenez le et

2573 3303 1116 105 si le crucefiez Ie ne treuue en

2573 3360 1160 123 lui cause, pourquoy ie le doye

2568 3452 1213 118 crucefier, li Iuifs li Respondirent

2568 3531 1156 122 nous auons loy et selonc nr̃e

2573 3618 1168 136 loy y doit mourir ⁊ estre liurez

2573 3701 1208 145 a mort Car Il sest fait filz dieu

2498 3754 311 359 Q

2809 3806 963 114 uant pilate oy ceste parole

2809 3881 906 105 Il se cremi ⁊ doubta plus

2827 3968 1019 123 si entra derrechief ou pretoire

2468 4025 1295 215 ⁊ dist a Ihesuin dont ne es Ihũs

4389 529 1274 149 Il ne Respondi noiant et lore lui dist

4468 634 1146 105 pilates ne paroles tu mie a moy ce

4472 722 1147 122 est pourquoy me Respons tu et ne scez

4463 800 1134 118 tu q̃ Ie aye pouoir de crucefier toy

4459 883 1199 136 et pouoir de lessier toy Ihũ Respõs

4455 962 1124 127 tu neusses mie poeste oultre moy

4455 1045 1137 114 sil ne ce feust ottroie de mon pere

4446 1142 1217 96 pour ce a plus pechie cil qui ma bail

4442 1220 1164 110 lie a toy, et pour ce queroit pilate

4442 1303 1133 127 achoison cõment Il le peust deli

4442 1382 1234 136 urer adentres li Iuifs crioient disãt

4446 1457 1129 135 se tu le lesses aler tu nes mie

4433 1553 1221 127 ami. lempereur cesar cest a dire a

4442 1640 1146 127 ce pourra Il partenoir cesar que

4437 1724 1212 126 tu nes mie ses amis Se tu lesses

4450 1811 1147 114 aler son ennemi quitte sanz con

4428 1894 1156 123 dampnement de mort qui mort

4437 1973 1155 127 a deseruie Tuit cilz qui dient

4433 2052 1195 127 qui sont Roys contredient a lem

4428 2135 1164 122 perour cesar cest contraire a lui

4437 2227 959 109 et qui dit contre sa uolonte

4354 2240 337 394 Q

4673 2292 893 140 uant pilate oy ces paroles

4669 2371 963 145 Il amena Ihesum hors et fist

4691 2459 937 135 son Iugement en cel lieu qui

4415 2546 1234 145 est appelez lichostratos ⁊ lichostratos

4424 2643 1186 113 uault autant en francois comme

4420 2726 1186 140 diuersite de pauement ou comme

4415 2800 1230 149 lieu qui est paue de diuers pauemẽs

4428 2888 1186 140 et en Ebrieu estoit li lieux appellez

4415 2975 1182 131 Gabatha Il estoit lors la paracene

4415 3058 1169 110 de la pasque, ce est li tiers iour de

4420 3137 1168 131 uant la pasque que les Iuifs appa

4424 3224 1173 106 reillent ce qui mestier leur est au

4420 3295 1172 148 Iour de pasque pour ce quilz ne fai

4411 3386 1234 140 soient nulle chose au  iour de la feste

4406 3470 1178 153 de leur pasque, Ilz creoient lors q̃

4415 3557 1160 118 se Ilz feissent aucune chose neis

4406 3640 1204 140 seulement leur mengier quilz ẜer

4402 3736 1190 140 sassent leur loy, et quilz feissent

4402 3811 1212 157 grant offence et pour ce crucefierent

4402 3903 1177 140 Ilz lors nostre seigneur Ihũcrist ou

4406 4003 1182 140 temps de leur pasque Car la leur

4411 4078 1129 184 pasque estoit seulement Remem

5864 507 1238 158 brance et segnefiance de la nostre pas

5877 638 1186 123 que et la leur fuiast des ylecques

5881 708 1252 127 en auant, et la nostre pasque feust

5873 800 1260 118 tenue ⁊ celebree Il estoit lors le Iour

5873 892 1304 127 de la parcene de pasque cest Il estoit

5851 975 1238 132 le tiers Iour que on appareilloit ce

5859 1058 1221 132 que mostrer estoit au iour de pas

5859 1137 1178 127 ques paracene uault autant en

5859 1229 1178 127 francois cõme deuant appareillier

5864 1317 1199 131 ce que mestier est, lors estoit en

5859 1409 1191 109 core entour heure de midi lors

5846 1461 1204 131 dist pilate aus Iuifs ueez ci ur̃e

5829 1575 1260 127 Roy, li Iuifs sescrierent disant ostez

5851 1671 1159 114 le deci Ostez le deci ⁊ le crucefiez

5846 1741 1248 127 pilate leur dist crucefieray ie donc

5846 1820 1178 114 ques uostre Roy, li euesques Res

5851 1907 1264 123 pondirent nous nauons Roy fois

5851 1999 1194 101 lempereur cesar li euesques qui

5859 2069 1230 114 ce diserent nous nauons Roy fers

5842 2161 1265 123 que cesar, furent Amias ⁊ Cayphas

5846 2244 1230 110 et cee. nisi estoient plus angoisseꝰ

5842 2327 1212 132 que Ihesus feust occis que tous

5842 2402 1212 122 les autres, Iuifs pour ce quilz ne

5838 2489 1203 136 perdissent leur seigneurie, ne le᷑

5842 2572 1247 123 dignite, len puet entendre par les

5846 2664 1208 132 paroles, que Cayphas dist quant

5846 2752 1261 105 Ilz tindrent leur conseil contre Ihũ

5833 2835 1256 127 Ilz pourpenserent entreulz cõuient

5842 2918 1168 114 Ilz le pourroient traitier a mort

5842 2997 1252 118 Car Kayphas dist que Il conuient

5833 3093 1309 105 que uns homs nuire pour tout

5846 3176 1226 110 le peuple, ⟦Il⟧ Cest a dire. Il uault

5833 3273 1309 96 mieulz que nous occions cest hõme

5838 3343 1168 105 que li Rommain uiengnent, et

5842 3426 1182 135 nous tollent nostre lieu ⁊ nostre

5842 3500 1142 131 gent, et pour ce estoient ces .ii.

5846 3579 1199 153 plus angoisseux que Ihũs feust

5842 3666 1116 132 occis que les autres nestoient

5816 3736 1199 162 q̃ par les miracles que fai

5829 3837 1199 145 soit ne uenist en auant, et quilz

5829 3942 1278 145 ne feussent gette hors de la dignite

5833 4017 573 231 de leur office ..

7356 371 149 162 24

7544 249 101 140 24
