7948 5230
980 488 1213 109 si me dist se la garde de paradis ne

972 553 1221 126 ce lesse entrer monstre lui ceste en

972 623 1221 152 saigne de ceste croix et si lui di Ihũ

959 701 1212 161 filii dei uini qui est crucefiez la ta

963 819 1212 122 chargiee si tenuoie en paradis a

963 889 1247 143 tant mon uins si monstray a lãge

959 993 1255 157 ceste enseigne si me mist a la des

954 1067 1217 148 tre mon pere en paradis ⁊ si me

954 1154 1208 136 dist sueffie un pou car adam et

954 1246 1273 139 tous ses fils uendront Ia et entre

946 1351 1225 113 tout tous ensemble en paradis si

937 1429 1181 118 faitement parloit li lierres ⁊ li

941 1503 1265 148 patriarche et li prophete Respondi

941 1582 1230 148 rent tous ensemble Benois soies

941 1669 1238 152 tu dieu tout puissant mes peres

946 1747 1229 157 de misericorde qui ycelle grace as

941 1834 1164 131 donnee aus pecheurs et qui les

919 1935 1243 130 ramainnes a la ioie de paradis et

928 2009 1051 139 donnes ꝑdurable uie amen..

902 2080 279 330 C

1168 2109 968 126 carius ⁊ lucius qui mois

1185 2209 946 127 auoient este, et en enfer

1159 2279 999 118 resuscitez estoient et trois

902 2375 1243 117 iours demourerent en barimachie

876 2471 1277 126 en la cite ioseph et saint michiel

915 2558 1216 135 leur ot cõmande quilz ne deissent

915 2649 1238 118 mot ains feussent tous temps en

915 2732 1234 122 oroisons de ci atant que leur ueu

902 2811 1269 143 droit que dieu leur feroit le mis

911 2898 1268 157 tere de la resurreccon dont distrẽt

906 3007 1151 100 apres ce nous cõmanda saint

915 3072 1230 140 michiel a passer le flun iourdain

902 3181 1251 105 en un saint lieu ou mout de ceulz

902 3268 1256 122 qui resuscitez furent mais nous

906 3355 1225 118 auons trois Iours congie de ci es

906 3434 1212 139 tre de ci a tant que la pasque soit

902 3508 1173 161 passee pour tesmoingnier la re

898 3599 1229 157 surreccion ihũ crist a nos parens

898 3717 1199 127 qui uifs sont, et nous fusmes

898 3787 1225 152 tuit apres la resurreccion baptizi

893 3891 1234 118 ez ou flun Iourdain et si eusmes

889 3957 1260 144 chascun blanche estolle et tuit sont

863 4044 1203 196 remes entre le flun iourdain ne

2424 540 1177 131 pris ne furent ueuz dõme Ce

2441 614 1203 131 tesmoing auez uous par nous de

2445 688 1156 157 la resurreccion de ihũ crist nr̃e ẜ

2450 788 1155 114 priez lui quil ait merci de nous

2437 867 1190 122 ⁊ de uous et si nous dona paix

2437 945 1129 140 et amour cil qui nous fist et

2437 1041 1216 144 fourma et sauuera ⁊ mettra en sa

2450 1133 301 74 gloire..

2406 1159 266 344 Q

2668 1194 959 139 uant ces .ii. orent escript

2694 1285 933 131 chascun par lui sa chartre

2685 1372 999 127 de cest tesmongnage dunnas

2380 1460 1229 139 Cayphas se leuerent a donc si

2406 1542 1230 135 pristrent les escrips ⁊ los mistrẽt

2371 1634 1204 131 es mains nichodamus ⁊ ioseph

2415 1712 1151 135 et cilz furent lors transfigurez

2410 1799 1191 114 et deuindrent blans cõme noif

2406 1887 1243 126 oncques puis ne furent ueuz mes

2402 1978 1225 127 leurs ecrips furent leuz si furẽt

2402 2048 1251 126 trouuez si egaux quil nauoit plꝰ

2406 2139 1160 101 en lun que en lautre. Tous ces

2402 2235 1173 96 estrips lue len deuant les iuifs

2397 2314 1199 139 en la signagogue ⁊ les iuifs dis

2393 2405 1195 114 trent entreulz uoirement auoir

2393 2488 1221 127 dieu ce fait benoit soit il par.

2389 2571 1172 135 durablement adonc issirent ilz

2371 2671 1265 118 de la signaguogue a grant paour

2384 2750 1212 104 chascun en son cuer, et tout cest

2384 2832 1199 127 affaire si bonne plz auoient ueu et

2384 2915 1208 127 oy compterent ioseph et nichode

2384 3015 1160 96 mus a pilate le preuost et il

2384 3094 1230 122 escript quanque le iuifs auoiẽt

2384 3194 1186 109 fait et dit en contre jhũ, et si

2376 3264 1190 104 mist toute listoire en ses liures

2367 3355 1181 127 ou pretoire Apres ce fist pilate

2363 3430 1277 139 li preuost une liũs si les ẽuoya

2367 3538 1242 123 en la cite de Romme Si ot escript

2367 3613 1234 143 ces lr̃es ce que uous auez deuant

2358 3726 471 91 oy. amen..

2349 3800 1186 161 Explicit la passion ihũcrist et

2358 3905 1199 183 le pourparlement de sa traison

2358 4018 632 131 deuant pilate..

4407 505 1082 109 Yci cõmence la longue enuãgille de

4346 575 1191 122 pasques fleurres selonc s. marc lenuãge

5192 653 205 92 liste..

4237 652 939 947 Q

5157 714 323 101 uant Ihũs

5153 788 344 122 ot a empli

5157 880 336 109 toutes ces

5162 976 348 113 paroles il

5162 1059 313 117 dist a ses

5153 1137 340 113 disciples.

5162 1224 361 109 sauez uous

5148 1307 362 113 que la pas

5140 1394 388 118 que sera ci

5175 1486 314 122 pres au

4259 1573 1173 96 iours et que li filz de lõme sera

4311 1638 1125 105 bailliez pour estre crucifiez, lors

4311 1734 1169 105 sassemblerent li princes et li anci

4311 1799 1204 118 ens du peuple des Iuifs en la court

4290 1891 1151 105 au prince des presors qui estoit

4307 1969 1177 105 appellez Cayphas et furent concille

4307 2044 1247 143 que il tenissent Ihũs par tricherie

4303 2131 1220 117 et loccissent, ilz disoient ce ne fu

4303 2227 1172 126 mie fait a Iour de feste que par

4294 2292 1190 144 anemis nen leuast entre

4290 2384 1155 122 le peuple Quant Ihũ estoit en

4290 2462 1199 131 bethanie en la maison Symon le

4285 2540 1225 157 liepreux ce est a dire en la maison

4277 2628 1164 143 Symon qui auoit este mesiaux

4290 2728 1181 113 que Ihũ auoit curee une femme

4285 2798 1147 139 uint a lui qui auoit une boiste.

4298 2889 1134 126 plainne de precieux oignemens

4285 2959 1177 139 laquelle boiste estoit appellee alle

4281 3059 1190 135 bastre et est une maniere de blãc

4259 3151 1221 113 marbre de quoy leu fait boires et

4277 3229 1229 144 uaissiaux de quoy len fait moult

4277 3325 1212 100 grant los car len y met precieux

4277 3408 1207 126 oingnement pour ce que il les gar

4268 3486 1216 127 de longuement sans corrompre et

4272 3565 1208 139 sans empirier, celle fẽme espandi

4268 3656 1207 127 celui oignement sur le chief Ihũ

4263 3748 1156 96 qui se seoit au mengier, Celle.

4259 3822 1199 122 fẽme fu sainte marie magdeleine

4268 3900 1146 131 Quant li disciples uirent ce qlz

4268 4000 1164 118 en orent desdaing disant pour

4259 4061 1195 197 quoy est cil oingnement perdus

2668 4985 444 183 yci cõmence

5754 553 1213 135 Il peust estre uendu gracie pris

5772 649 1151 100 et donnez aux poures Ihũ sot ce

5768 719 1190 113 se leur dist pourquoy estes uous

5763 801 1265 136 uiez uers ceste fẽme et pourquoy

5763 906 1204 92 auez uous desdaing elle a faite bõ

5763 971 1243 109 ne euure en ce quelle ma fait uoꝰ

5759 1059 1255 122 auez tondis les poures o uous mes

5763 1154 1199 96 uous ne mauez mie tout temps

5746 1229 1221 109 Ceste fẽme mist cest oingnemẽt

5750 1311 1221 122 sur mon chief elle a ce fait ainsi

5750 1394 1264 100 cõme pour moy enseuelir, Ie uous

5754 1494 1182 92 di que en quelque lieu que ceste

5750 1573 1264 113 enuangille sera preeschiee ou mon

5746 1638 1159 135 de sera il dit que elle fist ce en

5728 1734 1217 100 Remembrance de moy, lors ala

5750 1817 1169 126 un des .xii. apostres qui estoit

5741 1900 1234 117 appellez iudas karion, aus prin

5750 1987 1225 100 ces des prestres et leur dist que

5750 2065 1169 118 me uoulez uous donner et ie le

5733 2139 1255 122 uous donnay C est a dire ie le uoꝰ

5728 2231 1247 131 liureray Cilz lui donnerent .xxx.

5728 2318 1291 109 deniers dargent, et des lors q̃roie

5728 2405 1234 109 il couvenablete cest a dire temps

5711 2479 1338 153 ⁊ lieu couuenable qui leur baillast.

5724 2567 1238 126 li premier iour des azimes cest

5728 2658 1208 105 a dire que li Iuifs se gardoient de

5707 2745 1273 114 mengier pain ou Il y eust leuain

5715 2815 1225 131 li disciples uindrent a ihũ ⁊ lui

5711 2898 1173 126 distrent ou ueulz tu que nous

5711 2985 1290 131 appareillons ta pasque a mengier

5698 3081 1203 100 ihũs dist alez en la cite et dictes

5711 3159 1208 105 a un hõme ainsi, li maistre dit

5698 3251 1229 117 mon temps est pres ie feray ma

5711 3342 1160 96 pasque en ta maison auecques

5698 3403 1212 118 mes disciples, les disciples le fi

5702 3486 1260 127 rent si cõme ihũs leur auoit com

5685 3582 1260 96 mande et appareillerent la pasque

5685 3643 1290 135 la pasque estoit faite en celui tẽpo

5685 3756 1242 96 en telle maniere cõme dieu auoit

5685 3817 1234 109 dit par moyston le prophete aus

5689 3909 1177 100 filz israel en la terre degipte len

5685 3987 1203 140 prenoit un aignel .xiiii. iours de

5680 4066 1230 213 uant que la pasque deuoit estre

7307 418 139 135 13

7551 313 65 96 13
