7934 5206
1093 438 1380 178 qui estoient preuolz de Romme et cestes

1093 572 1302 126 qui estoit sire dune partie de la chłrie

1102 642 1306 130 Ces .iii. se tenoient a lensaignement

1111 724 1310 156 sains pol Si uindrent lendemain ma

1106 811 1224 121 tin au sepulcre saint pol Si cõme

1111 893 1232 139 Il leur auoit auant dit, Si uirent

1111 976 1267 125 les .ii. hõmes en oroisons qui leur a

1124 1062 1345 135 uoit dit Et ce estoient tỹthus ⁊ lucas

1119 1136 1263 143 Et uirent saint pol qui estoit ou mi

1124 1240 1263 117 lieu deulz, si en orent grant m̾ueille

1124 1327 1297 104 et grant paour si noserent aler auãt

1111 1405 1336 117 Tythus ⁊ lucas si cõme Ilz furent

1119 1479 1272 126 leuez de leurs oroisons et Ilz uirent

1137 1587 1241 109 ces trois qui auoient este membre

1137 1670 1276 108 de la mort saint pol si orent moult

1132 1757 1224 130 grant paour ⁊ tournerent  en fuie

1137 1839 1289 113 et les .iii. ⟦crs⟧ crioient apres les deux

1137 1908 1224 157 si leur disoient preudõmes amis de

1137 1999 1224 135 dame dieu nous ne sommes pas

1141 2069 1285 139 uenus si cõme uous cuidiez pour uoꝰ

1154 2169 1263 121 occire mais pour uous Receuoir et

1163 2242 1293 122 uostre saint baptesme et par ce nous

1141 2329 1263 130 monnez a uie pardurable si comme

1141 2416 1233 134 saint pol li uray maistre le uous

1145 2490 1307 143 promist que nous ueismes orẽdroit

1119 2576 1055 126 estant ⁊ orant entre uous..

1061 2695 414 302 Q

1484 2663 942 122 uant tythus ⁊ lucas oirent

1436 2759 1003 125 ce si demourerent Coy et

1484 2850 920 104 a grant leesse mistrent.

1154 2937 1319 108 leurs mains sur eulz si les seignie

1137 3002 1345 143 rent ⁊ benesquirent debonnairement

1128 3093 1354 134 du signe de la croix ou nr̃e seigneur

1158 3197 1315 121 Ihesu crist fut crucefie, et quant Ilz

1184 3266 1255 113 orent ieune Iusques a heure de ues

1215 3349 1245 134 pres si les baptisierent ou nom du

1210 3448 1242 122 grant Roy nr̃e seigneur Ihesu crist

1206 3514 1280 147 a qui est honneur et gloire loenge

1202 3596 1219 139 et uertus et benois ou siecle des

1202 3700 616 152 siecles. Amen..

1206 3826 1246 169 Ci fenist la passion et le trespasse

1215 3930 1271 169 ment monseigneur saint pol lapostre

2634 451 1220 130 De monseigneur saint Iehan len

2582 520 1233 156 uangeliste qui fu boulu en huille..

3411 607 291 312 A

3732 598 70 135 u

3723 689 105 130 tẽps

3693 785 109 113 do

3446 872 395 108 micien lem

3463 941 408 113 pereur de Rõe

3459 1041 395 99 lestoit saint

3467 1101 404 139 Iehan lenuã

3472 1197 399 104 geliste frere

3480 1271 395 130 Iaques lapost ͤ

3472 1353 403 135 en ephese la

3476 1440 365 121 cite ou Il

2573 1535 1294 135 preeschoit le nom nr̃e seigneur Ihe

2643 1635 1250 148 sucrist la le fist prendre le preuost

2621 1700 1259 143 de Romme et amener a Rõme deuãt

2634 1800 1246 130 lui et lui dist qu il Reniast Ihesuc̾st

2638 1878 1272 121 si cõme li empereur lauoit commã

2643 1965 1232 143 de et ne preeschast plus son nom

2651 2065 1220 134 ains sacrefiast aus ydoles, saint

2651 2151 1159 139 Iehan lui Respondi Il nous estuet

2673 2208 1181 160 plus obeir a dieu que aus hõmes

2669 2281 1219 170 et si le deuons miex faire li p̾uost

2669 2373 1267 151 se courrouca et le cõmanda a met

2669 2477 1176 117 tre deuant tous les senateurs de

2669 2563 1189 135 Romme en un tonnel tout plain

2669 2650 1172 117 duille bouillant, et ce fu fait de

2686 2720 1168 138 uant la porte latine a Romme ou

2673 2811 1207 134 tous les crestiens qui y sont en

2682 2884 1185 161 font grant Ioye ⁊ grant feste a

2690 2984 1211 117 celui iour si tost cõme sauet Iehan

2669 3067 1254 130 fu mis en hulle boullant Il ne lui

2660 3162 1181 117 fist ne mal ne greuance, ains

2690 3240 1237 130 issi hors du tonnel tous sain lors

2686 3318 1172 143 le fist domiciens enuoier en essil

2695 3405 1215 152 en une isle qui auoit a nom pathi

2699 3483 1228 156 nos en celle ille fist ⁊ escript saĩt

2686 3600 721 126 Iehan lapocalipse..

2695 3701 269 278 A

2986 3652 937 157 pres la mort domicien aba

2951 3748 959 134 tirent li senateurs de Rõe

2938 3852 985 143 tous ses cõmandemens et

2673 3921 1263 139 distrent que chose que Il ait com

2673 4004 1302 217 mandee ne seroit establie ne tenue

4314 433 1224 139 de ce auint que saint Iehan sen Reuint

4322 520 1138 126 en ephese la cite ou Il estoit moult

4331 594 1137 143 amez en celle cite fu Il tant que Il

4322 685 1159 121 fut mors uiel et de grant aage et

4322 763 1207 135 preescha la parole dieu et nostre sires

4322 858 1207 122 conferma son preeschement par paro

4314 945 1167 109 les ⁊ par uertus si que tant seu

4322 1019 1177 108 lement de la touchement de sa Robe

4327 1114 1206 100 guerissoient li malade par la uolẽte

4335 1201 1177 117 ⁊ par la puissance nostre seigneur

4331 1279 1202 143 Ihesu crist qui uĩt ⁊ Regne auecques

4331 1353 1181 130 le pere ⁊ le filz ⁊ le saint esperit. sãs

4327 1435 1189 118 fui amen.. Ci cõmẽce la uie S̃. Iehan

5121 1527 395 112 lenuãgeliste

4296 1512 866 969 D

5130 1609 356 108 omiciens

5147 1704 373 96 fu empere

5156 1770 343 104 res de Rõe

5173 1848 378 125 apres noirõ

5160 1934 356 118 et cõmãda

5169 2026 299 91 que tous

5160 2099 356 122 les crestiẽs

5164 2195 400 117 que len trou

5151 2286 348 104 ueroit ot

5117 2351 360 113 ceist len

4318 2446 1155 109 saint Iehan lenuangeliste estoit.

4344 2533 1124 113 a donc en ephese une cite Il fu en

4327 2620 1189 100 uoiez en essil en une isle qui auoit

4335 2702 1181 109 anom pachinos la escript Il lapoca

4327 2780 1146 104 lipse si cõme nostre sires lui ensei

4331 2867 1142 117 gna en celui lieu meismes ou Il

4340 2950 1159 121 estoit si auint que en cil an meis

4335 3023 1146 135 mes quil fu enuoiez en essil fut

4331 3110 1163 139 domiciens en essil, Cest a dire fut

4331 3219 1185 99 domiciens occis ⁊ mis a mort par

4335 3297 1168 104 manablement, li senat de Romme

4322 3392 1164 122 sassemblerent ⁊ distrent entreulz

4322 3470 1224 117 que nulle chose que domiciens eust

4327 3553 1193 104 fait ne seroit tenu en nulle manie

4340 3631 1163 117 re ains seroit tout abatu, dont

4335 3709 1172 134 Il auint que saint Iehan lenuan

4340 3791 1107 122 geliste qui par le cõmandement

4331 3878 1215 113 domicien lempereur de Rõme estoit

4335 3978 1190 178 enuoiez en essil sen Reuint a gͣnt

5733 403 1324 130 honnour en la cite dephese et lui cou

5729 516 1276 113 rut a lencontre tout le peuple de la

5729 590 1349 121 cite a moult grant Ioye et quant il ẽtra

5742 676 1215 113 en la cite drusienne une fẽme qui

5729 767 1323 100 moult amoit saint Iehan et faisoit

5729 854 1263 109 moult ses commandemens fu morte

5724 941 1350 91 si la porroient ses parens deuant saint

5724 1028 1346 112 Iehan tous pleurans et disoient saint

5724 1097 1346 130 Iehan ueez ci drusienne qui tant uous

5724 1188 1367 104 amoit qui est morte ne elle ne desiroit

5724 1266 1341 122 nulle chose tant cõme ce que feus

5724 1344 1320 126 ses Reuenu si quelle te ueist ains sa

5729 1444 1367 100 mort or es uenu mais elle ne te puet

5724 1514 1315 108 ueoir, saint Iehan ot grant pitie de

5733 1613 1306 100 celle qui morte estoit et des gens qui

5729 1683 1336 126 ainsi pleuroient pour lui si cõmanda

5724 1778 1242 91 que len meist la biere ius et que

5724 1843 1307 117 len la desseuelist, et quant len ot ce

5729 1934 1254 113 fait Il dist oiant tous ⁊ toutes a

5720 2012 1341 131 haulte uoix drusienne nr̃e seigneur

5733 2095 1319 134 Ihesu crist ta Resuscitee lieue toy sus

5729 2195 1254 95 ⁊ ua en ta maison si mappareille a

5724 2273 1263 117 mengier, quant Il lot dit elle se

5720 2364 1220 95 leua si ne lui fut mie ains quelle

5724 2433 1276 122 eust este morte ains cuida que elle

5720 2524 1276 100 eust dormi si sen ala en sa maison

5703 2594 1345 147 ⁊ moult se hasta de faire le cõmande

5724 2681 751 121 ment saint Iehan..

5703 2767 225 295 U

5976 2746 964 125 n iour apres ce preescha

5972 2832 1024 135 saint Iehan en la cite ou Il li

5937 2932 1020 130 auoit un philosophe craton

5711 3028 1233 112 auoit a nom qui auoit a ce mene

5716 3075 1284 135 deux Riches ualles qui auoient a

5720 3175 1289 139 chete deux pierres precieuses et cra

5720 3266 1267 139 ton leur auoit dit qui les despecas

5729 3353 1232 126 sent deuant le monde et ainsi des

5720 3440 1220 130 piroient Ilz le siecle, la coustume

5729 3540 1224 108 aus philosophes estoit telle quilz

5703 3613 1289 135 nauoient cure de nulles t̾riennes

5711 3700 1237 126 choses et par ce  cuidoient despire

5724 3783 1229 108 le monde Si cõme li ualles et cra

5716 3874 1289 117 ton estoient deuant les gens et les

5716 3956 1250 182 deux pierres feussent despeciees.

7387 312 125 382 93
