4928 5999
1255 924 2577 195 La nouuelle de lenfant, Et quant le terme uint que la dame en deust deliurer

1260 1064 2572 145 selon nature elle se deliura dun beau filz, Et quant famus ot oy la nouuelle

1265 1164 2532 150 Il ne se pot abstenir ne saouler de ioye faire. Et fist querir quatre nourrices de

1270 1254 2617 145 grant affaire pour lenfant garder ⁊ maintenir et auoient les nourrices qñque

1265 1349 2492 155 elles sauoient demander ne deuiser qui proufitable fust a lenfant, et tant en

1275 1439 2552 165 faisoit faire le pere que chascun qui le ueoit au sauoit len tenoit a non sachant

1275 1544 2492 165 ⁊ pour fol, Et quant lenfant uint en aage quil pot estre sanz aletier ⁊ quil

1270 1629 2497 180 pouoit aler ⁊ parler Il nestoit Riens quil uoulist faire fust bien ou mal que

1275 1729 2487 165 on ne lui souffrist, ne nul nosoit faire le contraire pour doubte du pere qui

1275 1829 2622 155 tant lamoit plus que soy mesmes, celui acoustuma a faire quanquil lui plaisoit

1260 1914 2527 175 Et estoient son pere ⁊ sa mere si deceuz de lui quilz cuidoient que ce fust bien

1260 2024 2572 190 fait de lui laissier faire a sa uolente ⁊ quil en deust tourner a proufit ⁊ en plus

1275 2134 365 125 amender.

1270 2229 215 250 C

1470 2219 2282 150 ilz enfes crut moult ⁊ amenda en beaute ⁊ moult bien sembloit quil fust

1455 2299 2327 185 uenu de bon lieu ⁊ estrait de haute gent Si estoit grans dõmaiges ⁊ pitiez

1265 2414 2527 165 quil nestoit gouuernez dotrinez ⁊ enseignez ainsi quil appartenoit a lui Car

1275 2514 2512 135 il estoit beaux enfes ⁊ seignouriz ⁊ auoit en nom Berinus. Or uous diray

1285 2614 2577 145 auennes de ses premieres enfances quil fist en sa uenue qui depuis lui to᷑nerẽt

1285 2714 2512 150 a ennuy ⁊ a dõmaige parquoy tous ceulx qui enfans ont y deuroient bien

1285 2819 1276 135 prendre garde ⁊ chastier leurs enfans.

1310 2918 150 221 Q

1475 2889 2297 140 uant Berinus cõmenca premierem̃t a parler, ⁊ il fust grant quil pot

1285 3094 2422 125 deist aucune chose contre sa uolente tantost le maudisoit ou il lappeloit

1450 2968 2347 191 uenir en la Sale, se il encontrast aucun chlr̃ ou sergent qui lui feist ou

1270 3184 2537 145 lairon ou plus uillainement se il sauoit, et sil tenist uerge ou baston Il les

1290 3264 2457 175 ferist uoulentiers sanz espargner ou quil les peust assener, et quant son

1290 3364 2472 140 pere ⁊ sa mere le ueoient si en auoient grant ioye ⁊ leur sembloit bien fait

1290 3469 2492 140 quanquel faisoit, Mais moult en desplaisoit aux chlr̃s ⁊ alautre bonne

1290 3559 2407 160 gent a qui il faisoit uilenie ou despit ia soit ce quilz nen feissent nul

1295 3624 2477 185 semblant, Car ilz ueoient bien que se ilz sen plaignoient au pere ou ala

1295 3719 2492 195 mere pour blasmer ses mauuaises enfances Il sen courrouceroient durem̃t

1300 3814 2467 170 uers eulx ⁊ non mie a lenfant, Et pour ce sen souffroient tous cõmunement

1295 3914 2377 160 et tournoient tout atouffe, Mais touteuoies en haioient il lenfant

1315 4070 160 224 G

1490 4014 2227 160 rant dõmages est que Beninus li enfes auoit enchargie si mauuaise

1490 4119 2282 155 coustume par le mauuais chastiement du pere ⁊ de la mere, Et de tant

1295 4199 2467 180 quil deust plus amender ⁊ entendre a bien faire de tant estoit il plus tentez

1295 4324 2477 140 de foloier, Et con plus uint auant de tant se pena il plus de mal faire, Et

1310 4419 2422 135 tousiours faisoit de pis en pis, Si que il nauoit grant ne petit a lostel son

1285 4494 2547 210 pere qui ne le haist pour les merueilles quil faisoit ⁊ pour la mauuaistie dont

1295 4629 496 125 il sappensoit.

1465 4674 2352 260 ant sacoustuma Berinus a faire males enfances quil n estoit nulz qui

1285 4731 215 218 T
