4933 6029
1348 1040 2518 200 quil eust tel seurnom Car il estoit si doulx ⁊ si amables que onques nul hoẽ

1332 1139 2620 177 ne uoult faire mettre a mort, Et li sixtes ot nom Sycero Et li septiesmes

1332 1235 2560 181 Cipio, et auoient cilz deux en seurnom astraloges qui uault autre tant

1317 1311 2580 211 a dire en Rõmant cõme astronomiens Car ilz sauoient dastronomie qñque

1327 1421 2315 182 on en pouoit sauoir par Raison, et de ce estoient leur seurnom estrait

1302 1520 312 317 A

1578 1531 2314 162 Cel temps que ie uous ay compte Ainsi comme Martiaux le Raconte

1599 1632 2242 156 estoit manans dehors les murs de la Cite de Rõme uns Riches homs

1609 1738 2202 176 puissans ⁊ de grant uaillance qui auoit en son domaine grans fiefz

1231 1793 2656 181 et grans possessions, et auoit a nom famus et a cestui Riche hõme comence

1307 1909 1690 155 lauenture pourquoy iay cõmencie mon compte..

1322 2004 241 241 C

1538 1999 2303 196 ilz famus estoit homs de grant noblesse ⁊ assasez de grant Richece

1297 2205 2504 176 affaire ⁊ cremiz ⁊ amez de tout le pais Si que pour la haultece de lui ie p̃nt

1563 2120 2233 145 et estoit estrait de haute gent ⁊ de uaillant Si quil estoit homs de grant

1296 2301 2460 160 a femme une damoiselle gentil ⁊ de grant lignage, mais ie ne uous scay mie

1297 2396 2539 171 a dire selle estoit Riche dauoir Car a cellui temps len entendre plus ahõnour

1287 2502 2499 160 a sens a Rente ⁊ a gentillece, que a Richece, ne a auoir amasser. Mais au

1302 2572 2419 216 temps dort il nest pas ainsi Car nulz ne bee a honneur a franchise se

1292 2703 1694 170 petit non, Ains tent chascun a Richesse ⁊ a fe̾ t̾sor

1267 2785 221 254 B

1473 2798 2298 201 ien fu famus auec sa femme qui auoit nom Agea ꝑ lespace de Quinze

1257 2969 2479 186 moult courouciez Car moult desiroit a auoir fil ou fille de qui il peust

1458 2898 2288 171 ans que onques nen pot enfant auoir de quoy il estoit moult tristes ⁊

1287 3064 2499 201 faire son hoir qui apres lui tenist son grant tenement ⁊ sa Richesse Et se famꝰ

1287 3175 2504 196 en auoir grant angoisse ⁊ douleur encore en auoir sa fẽme sept temps plꝰ

1292 3255 2484 226 ne elle nauoit ioye ne Repos par nuit ne par iour ains estoit ades en oraisons

1282 3366 2484 196 en depriant dieu que elle en peust un auoir ne nulle autre priere elle ne

1287 3484 789 123 faisoit a nr̃e seigneur

1272 3584 201 208 E

1488 3557 2288 231 N telle angoisse ⁊ en tel ennuy que uous auez oy fu famus longuem̃t

1498 3667 2333 169 a sa fẽme ne ioye ne bien ilz ne pouoient auoir ne Richesse quilz eussent

1277 3758 2559 185 ne seigneurie ne leur pouoit plaire, Ainsi cõme ilz entrerent ou seziesme an

1277 3838 2539 236 Il auint   ͧ ᷠ Iour ainsi que la dame fu Retournee du monstrer que elle saꝑpcut

1272 3948 2579 201 que elle estoit encainte, Car elle senti lenfant Remouuoir en son uentre Mais

1277 4029 2524 238 aincois que elle sen apꝑceust, elle ot grant merueille que ce pouoit estre, et en

1262 4154 2484 227 fu si esbaye que elle en mua couleur, mais les damoiselles qui estoient

1277 4250 2539 216 entour elle la Reconforterent ⁊ asseurerent tant que elle sceut certainem̃t

1277 4330 2574 212 queelle estoit encainte de uif enfant dont elle ot sa grant ioye de celle auenture

1282 4441 2509 231 que Ie ne le uous saroye deuiser. A donc manda la dame son seigneur ⁊ lui

1272 4556 1282 171 compta cõment elle auoit enchargie.

1252 4620 216 235 A

1473 4617 2217 226 dont ot famus si grant ioye que nulz ne peust auoir greigneur de lui,

1493 4737 2268 214 Et fut transmuee toute leur tristesse ⁊ leur ennuy en feste ⁊ en lesse ne

1262 4818 2494 271 Len ne uous sauroit dire ne Raconter le ieu ne lesbatement qui fu fait pour

4193 823 131 176 2
