4932 6029
1297 964 2468 191 qui le ueist ou qui en oist parler qui ne lui donnast maleicon, Si que tout cil.

1287 1095 2383 145 qui demouroient ⁊ Repairoient a lostel lescheuoient a leur pouoir ⁊ Se

1292 1175 2498 156 tardoient de uenir y, Et quant il auint que Berinus fu de laage quil pot

1287 1266 2458 170 aler par la uille pour lui esbatre ⁊ deduire lors fu il mesdisant ⁊ plain

1276 1391 2484 156 de mauuaises paroles ⁊ disoit uillenie aux uns ⁊ aux autres, Si que

1282 1477 2528 150 par le uenin de sa bouche il conquist moult dennemis, Et auec ce il faiẜ

1282 1577 2533 151 a plusieurs gens iniure, si comme de eulx batre ⁊ ferir uilainement, dont

1287 1688 2478 140 aucuns en y auoient qui uolentiers sen uengassent, ⁊ leussent mis a

1287 1768 2473 171 mort se ne fust pour crement du pere qui moult estoit amez ⁊ honnorez

1260 1890 2495 149 de lempereur, et pour ce ilz sen deportoient ⁊ souffroient a grant meschief

1520 1974 2225 161 t quant il auerroit quil en auoit naurez ou bleciez deux ou trois ⁊

1287 1949 191 256 E

1488 2080 2257 170 aucun sen uenoit plaindre a son pere il le appaisoit cõment quil en

1276 2180 2464 156 aduenist, Mais de ce faisoit il que fol que de Riens ne le chastioit ne

1276 2270 2489 151 blasmoit de ses folies, Car quant il le peust auoir dottrine ⁊ enseigne il

1297 2366 2503 161 ne le uoult faire. Et quant il uoult il ne pot, Car il estoit si endurciz afole

1292 2476 2428 151 acoustumance que moult y auoit fort au faire laissier, Et ce uoit on

1287 2562 2503 156 auenir souuent, que quant une ente est ieune len la peut mieulx mener

1287 2672 2518 146 et duire a sa uolente, que quant elle est ꝑcueue, et semblablement est il

1282 2778 2473 141 de lenfant, Car len le doit chastier en son enfance, pour ce que ce que

1282 2858 2488 166 len aprent de Ieunesse len le laist moult enuis Si cõme il apparut par

1282 2969 2503 156 berinus qui ne se soutiuoit fors a mal faire, et quant il fu dentendem̃t

1282 3059 2478 146 Si aprint a Iouer au hazart ne autre ieu ne lui plaisoit que le ieu des

1282 3145 2473 175 dez ⁊ du tremerel, ce estoit toute sa ioye ⁊ don deduit na autre chose il

1276 3265 2544 141 nentendoit ne iour ne nuit, Et souuent en laissoit le boire ⁊ le menger pour

1276 3361 2565 176 iouer aux dez. Et plus souuent y ꝑdoit quil ny gaingnoit, Si que pluẜs

1287 3451 2413 141 foiz il auenoit quil sen Repairoit a lostel tous nulz ⁊ sans uestemens

1261 3557 2444 130 Mais a ce nacontoit il Riens, Car tant cõme Agea sa mere uesqui il

1271 3652 2499 126 auoit Robes deniers ⁊ iouaulx tout a sa uolente ⁊ paioit la dame lieement

1266 3753 2630 170 et uolentiers quant en lui demandoit quanque son filz despendoit oult̾geusem̃t

1266 3848 1624 151 et sanz mettre en honnour ne que besoing en eust

1478 3943 2202 146 r auint que quant Berinus fu entre ou Sezeͫ ͤ an Agea sa mere se

1287 3922 185 248 O

1457 4054 2177 146 acoucha ou lit de la mort ou point que elle estoit en sa plus grant

1261 4144 2434 151 seignourie Et pour ce est cilz bien folz qui en Riens sasseure en ce monde

1266 4225 2474 166 ne qui y a france, Car qui plus y cuide estre asseni et plus tost est decheuz

1256 4330 2469 181 par fortune qui en peu deure a bestourne sa Roe/et mis ce dessoubz deseure

1266 4416 1006 135 si comme il appert souuent

1271 4496 186 254 Q

1432 4531 2268 156 uant famus qui en grant Richesse ⁊ en grant honneur se deduisoit

1452 4632 2295 157 sot sa maladoe Agea sa femme ⁊ aꝑꝑceut le peril de la mort ou elle estoit

1266 4717 2414 175 se fut moult courroucie ⁊ agrant destrece de cuer ⁊ ce fu bien drois Car

1271 4823 2429 196 il lamoit moult tendrement, comme celle qui estoit plaine de tres grant

4179 810 96 169 3
