4934 6029
1537 552 2246 241 Roment Berinus Et Aigres son fils

1182 916 626 455 A

1778 939 2060 226 u commencement de ma matiere ie pry en mon prologue A tous

1768 1105 2045 146 ceulx qui mon liure orront que se ie di aucune chose qui ne leur

1803 1195 2010 171 uiengne a plaisir que ilz ne men uueillent mie blasmer Car

1351 1311 2487 135 par auenture ce qui ne plaira a lun souffira a lautre Et si di en uerite que il ne

1371 1396 2407 161 fu oncques nulz tant fust sages ne iamais ne sera qui puist dire a la

1361 1477 2482 185 uolente de tous Et non pourquant se il souffist a cellui pour qui ie lay fait

1361 1587 2482 161 Ie men tien bien a paiez Car ie lay fait a la priere ⁊ requeste dun mien seigne᷑r

1356 1698 2477 155 et ami pour qui Ie feroye grandement se ie pouoye ne sauoye En lui pry pour:

1356 1768 2457 176 dieu qu il lui uueille souffire ce que ien feray Car la matiere est delitable

1356 1889 2477 160 a oyr ⁊proufitable a Retenir Sy ay grant merueille que li bon trouue com

1361 1994 2417 151 qui iadiz furent nen ont fait plus grant mention ⁊ mise en plus grant

1376 2074 2337 151 auctorite Et dautre part ie cuide quil soit auiourduy autant de bien

1356 2190 2487 146 entendans ou mestier de trouuer ⁊ dediter quil fu oncques se il estoient

1341 2291 2467 135 pourueu de leur uiure ⁊ de leur soustenance ainsi comme il estoient iadiz

1356 2386 2482 146 Car adonques les roys ducs princes ⁊ autres grans seigneurs tenoient

1356 2476 2437 166 auecques eulx les bons menestereulx ⁊ estoient honnourez ⁊ deportez.

1351 2582 2487 151 plus que mille autre gent ne il nauoient de riens a besongnez fors que de

1346 2652 2472 186 faire aucune belle chose qui peust plaire pour leur seigneur tenir a amour

1351 2778 2437 161 Et ce estoit beaux auantages de bien trouuer mais auIourdui est ioye et

1346 2873 2502 171 courtoisie si perie ⁊ destruitte que trop petit y acompte len Si que chascuns

1346 2964 2522 161 est mais tous essonniez de uiure Et ce toult aux bons entendeurs de faire

1341 3069 2487 166 aucune bonne chose Et se ainsi estoit chose quilz se uoulsissent traueillr̃

1346 3165 2482 160 au faire Si seroit il trop pou de mention de ce quilz feroient pour leur

1336 3240 2467 196 bas estat Car de tant comme la personne est de plus grant noblesse et

1341 3351 2467 180 en plus grant seignourie de tant sont les entrees plus congnoissans

1336 3431 2457 176 et de plus grant auctorite Et pour la petitece de moy ne lairay ie mie

1336 3552 2497 191 que ie macomplisse le cõmandement de mon seigneur ⁊ que ie ne mette

1336 3637 2326 161 peine a sa uolente faire ⁊ auecques ce la matiere me plaist Et

1336 3737 2417 161 nentendez pas que Ie dye quelle soit nouuelle Aincois est de moult

1336 3838 2452 156 grant anciennete mais pour ce nest elle pas de mains de ualeur Car

1331 3928 2482 176 iadiz au temps des preudõmes anciens Si cõme Abraham ysaac dauid

1341 4029 2407 166 Salemon ⁊ et autres plusieurs auindrent les faiz ⁊ les belles auentures

1336 4134 2397 166 qui bien doiuent estes mises en memoire ⁊ Recordees Car len y peut

1336 4220 2437 181 prendre maint bon exemple qui pourroit estre conuerti a lonneur du

1336 4310 2447 181 corps ⁊ au proufit de lame Et nequedent nay ie pas en propos de dire

1341 4406 2412 201 de chascun Car trop entreprendoie grief fais se ie uous uouloye cõpter

1341 4526 2492 151 comment Adam menga la põme ne de Cayn qui occist son frere Abel

1341 4612 2392 181 ne comment noes fist larche ne ainsi cõme dieux fist les langaiges

1331 4727 2276 161 pour la grant uile de Babel destourner ne de pluseurs autres

1723 4823 2055 216 auec eses qui auindrent anciennement ne uous feray ie

4195 663 301 417 7187

4511 648 116 135 2.
