4940 6026
1221 873 2598 141 plus mencion Ains uouldray reuenir a mentente ⁊ a la matiere pourquoy

1231 979 2281 135 iay ce liure entrepris ⁊ commencie a faire en l ẽ .MCCCII..

1226 1064 357 251 N

1598 1104 2226 136 erites est que depuis que la cite de Rome fu fondee ⁊ q̃ Romulus

1600 1175 2214 200 Lot compassee ⁊ edifiee a laide de Romus son frere len noy onqs̃

1221 1285 2613 141 parler de Cite de greigneur dignite ne de plus grant noblesce, Mais treuue

1246 1385 2513 141 len en escript, que Cil Romulus conquist par force pluseurs Royaumes

1246 1491 2518 146 et pluseurs pays ⁊ les subzmist a la loy de Rõme Si quil fu Ia telle heure

1251 1576 2523 136 et tel temps que toutes terres Rendoient Treu a la Cite de Rõme si que

1241 1667 2457 135 len lappelloit le chief de tout le monde et auoit la seignourie du tout

1211 1767 356 256 M

1557 1787 2161 131 ais ainsi comment Il aduient de toutes autres choses qui uont

1583 1898 2271 110 en admenuisant de iour en iour est la seignourie de Rõme amenuisee

1226 1978 2497 141 et abaissee et a moult perdu de son pouoir ⁊ de sa noblesce, Non pourquant

1226 2078 2558 126 a elle encore grant dignite ⁊ grant pouoir sur tout le peuple crestien, Mais

1226 2154 2472 125 telle seignourie na elle pas comme elle auoit au temps Romulus ou

1241 2274 2507 121 Pompee ne au temps des empereurs qui maintenoient les grans gͣrres

1231 2365 2467 130 et qui conqueroient par leur force ⁊ par leur uigueur les terres et les

1231 2455 2457 126 pais Si comme Iulius Cesar Augustus Constantins ⁊ aut̾s pluẜs

1241 2566 2402 105 empereurs qui conqueroient ⁊ soubzmettoient les Royaumes a eulx.

1231 2663 310 174 T

1542 2611 2161 171 ant que Rõme ot telz amis ⁊ telz gouuerneurs fu elle a hõneur

1517 2751 2186 186 et en grant seignourie ⁊ en Richece ⁊ fu amee ⁊ prisiee Entre

1236 2837 2523 130 les autres il y ot un empereur en la dte̾ Cite qui fut nõme Iohs̃ augustus

1246 2957 2482 96 qui tout lempire apres la mort de Constantin son pere tint ⁊ gouuerna

1221 3013 2482 150 Au temps de cel empereur fu cueilliee la matiere pourquoy iay ce

1236 3133 2497 146 liure entrepris, ⁊ le mist en escript un clerc qui auoit a nom Martiaux

1231 3218 2492 141 Et a cellui temps auoit Sept Sages a Rõme dont ie uous diray les noms

1226 3314 2487 125 Le premier ot nom Sother ⁊ en seurnom legifer qui uault autant a dire

1236 3409 2377 131 que portant foy, Cil sother deuoit bien auoir tel seurnom, Car il le

1236 3510 2427 170 demonstroit par enuie, et uous di que pour souffrir Il ne soustenist

1241 3610 532 151 fors que Raison

1226 3713 316 234 L

1522 3695 2131 126 i Secons Sages auoit a nom Marcus ⁊ en seurnom scorens

1532 3826 2126 105 qui uault autant a dire en Rõmant que garde de droit, et bien

1231 3891 2437 131 estoit de Raison que ses seurnoms fust telz Car il gardoit les drois de

1221 3987 2457 150 chascun a son pouoir. La tiers se faisoit nõmer crassus ⁊ en seurnom

1221 4082 2492 151 Millus qui uault autant cõme proprement. Car il conseilloit ꝓprem̃t

1241 4183 2372 155 ceulz qui de son conseil le Requeroient ⁊ ce estoit ses propres mestitues

1216 4293 2462 121 Li quart nom des Sept Sages de Rõme estoit Antonius ⁊ le seurnom

1226 4383 2543 141 Iudex, Cest a dire Regeissans, Et cilz seurnoms aꝑptient bien a lui, ou

1236 4464 2502 155 appartenoit, Car pour doubte de nulluy, ne pour amistie ne pour peril

1236 4579 2050 141 en quoy nulz peust encheoir Il ne se deportast de uerite dire

1224 4682 323 289 L

1472 4670 2186 135 i Quins Sages ot nom Anthonius ⁊ en seurnom philopater

1537 4755 2066 186 qui uault en Rõmans comme pere damour, et bien fu drois
