4289 5467
1025 460 1431 218 y commencent les Rebriches de la table de ce present

578 355 437 378 C

788 596 1655 169 uolume fait compile par xp̃ine de pizan demoiselle. cõ

829 710 1659 128 mencie lan de grace mil .ccc.iiii̽̽xix. Escheue et esc̾pt

820 783 1618 187 en lan mil. Quatrecens. et deux la ueille de la natiuite

815 888 675 164 Saint Iehan Baptiste

811 1225 925 146 Premierement cent Balades

797 1339 743 150 Item plusieurs uirelays

802 1462 1513 132 Item une balade retrograde qui se dit adroit et a Rebours

783 1530 953 141 Item une balade a Runes reprises

793 1635 797 146 Item une balade a Responses

793 1717 1399 169 Item autres plusieurs balades de diuers propoz

779 1826 984 137 Item une complainte amoureuse

793 1927 1217 114 Item un lay de .ii ͨ. lxx. uers tous leonines

802 2009 569 136 Item un autre lay

788 2082 1340 145 Item .lxxu. Rondeaulx de plusieurs manieres

788 2195 843 133 Item .lxix. geux a uendre

774 2259 1741 182 Item le debat de deux amans qui sadrece amon s ̾ ͬ dorleans

783 2382 1017 119 Item le pitre au dieu damours

788 2473 661 123 Item le dit de la Rose

797 2537 1249 173 Item le dit des trois iugemens amoureux

793 2637 1162 128 qui sadresce au senaschal de haynau

779 2733 643 150 Item le dit de poissy

765 2779 1345 195 Item le piltre Othea la deesse de prudence

752 2915 1408 128 Item les epiltres sur les Rommant de la Rose

752 3002 1567 182 Item les diz mouraulx de xp̃ine de pizan a son filz

752 3102 902 123 Item une priere a nr̃e dame

765 3202 1176 196 Item les qinzes Ioyes nr̃e dame Rimeez
