3912 5272
1015 421 255 136 .xx.

228 492 1090 149 Car tant a fait fortune dieu au mire

224 588 1107 158 Quelle a changie en uie douloureuse

219 685 1139 136 Mes geux mes Ris ⁊ ce ma fait eslire

224 751 1305 158 Dueil pour soulaz ⁊ peine trop greueuse

224 852 1103 158 Si ay raison destre morne ⁊ songeuse

219 931 1231 145 Ne nay espoir que Iaye mieulx Iamais

219 1041 1398 158 Car trop grant dueil est en mon cuer Remais

228 1186 1064 171 Merueille nest se ma leesse empire

224 1309 1050 132 Car en moy na pensee gracieuse

224 1397 1121 158 Naucun plaisir qui a Ioye me tire

224 1498 1310 123 Pour ce me tient Rude ⁊ maulgracieuse

224 1581 1121 154 Le desploisir de ma uie ennuyeuse

224 1678 1169 145 Et se Ie suis triste Ie nen puis mais

224 1761 1375 141 Car trop grant dueil en mon cuer Remais

650 1871 110 123 .xix.

430 1950 739 136 ong temps a que Ie perdi

413 2060 808 105 Tout mon soulaz ⁊ ma Ioye

237 2135 831 131 Par la mort que Ie mauldi

237 2231 932 115 Souuent car mis ma enuoye

241 2306 747 123 De Iamais nul bñ auoir

241 2407 919 110 Si men doy par droit blasmer

232 2486 928 114 Noncques puis Ie noz uouloir

237 2574 787 119 De faire amy ne damer

228 2737 853 123 Ne scay quen deux ne fendi

237 2838 958 114 Mon cuer de dueil que Iauoye

202 2921 1011 114 Trop plus grant que Ie ne di

228 3013 778 106 Ne que dire ne sauroye

246 3097 923 123 Nencor mectre en non chaloir

237 3193 980 119 Ne puis mon courroux amer

241 3286 1024 105 Noncques puis Ie noz uouloir

246 3365 808 114 de faire amy ne damer

246 3488 826 167 Depuis lors Ie nentendi

259 3611 751 136 Amener soulaz ne Ioye

259 3716 690 119 Si en est tout A Rudi

268 3795 844 110 Le sentement que Iauoye

272 3888 840 118 Car Ie perdi tout lespoir

263 3954 796 144 On me souloye affermer

254 4059 1038 180 Noncques puis Ie neuz uouloir

1903 492 795 114 De faire amy ne damer

2290 584 109 114 .xx.

2092 667 795 110 Omment feroye mes dis

2105 751 910 132 Beaulz ne uous ne gracieux

1920 830 967 132 Quant, des ans apres de dix

1916 922 954 136 Que mon cuer ne fut Ioyeux

1929 1019 994 127 Nil na femme soulz les cieulx

1929 1093 941 141 Qui plus ait en de meschief

1925 1186 927 149 Encor nen suis pas achief

1929 1361 805 154 Ioz du bñ assez Iadis

1925 1471 980 136 Mais en yuer temps pluyeux

1925 1577 751 132 Si pesant si enlaidis

1929 1673 809 123 Nest ne si tres ennuyeux

1925 1730 998 150 Comme adez en trestous lieux

1934 1853 1129 132 Mest le temps, mais par mon chief

1929 1928 989 132 Encor nen suis Ie pas achief

1929 2095 778 132 Si ay bñ droit se Ie dis

1929 2201 840 127 Mes plains merencolieux

1929 2288 862 141 Car en tristour est toudiz

1938 2376 963 123 Mon dolent cuer ce cest dieux

1938 2469 954 109 Ne Iamais Ie nauray mieulx

1942 2543 774 132 Se ma pesance na chief

1942 2640 998 123 Encore nen suis Ie pas a chief

2241 2737 154 123 .xxi.

1969 2785 1055 145 tant me prie tres doulcement

1929 3000 1051 119 Tant a plaisant contenement

2118 2903 1020 128 Cellui qui moult bñ le scet faire

1920 3066 1130 132 Tant a beau corps ⁊ doulz uiaire

1929 3167 1095 119 Tant est courtois ⁊ debonnaire

1929 3259 1143 119 Tant oy de lui de grans bñs dire

1934 3347 993 123 Qua peine le puis escondire

1938 3523 936 132 Il me dist si courtoisement

1938 3624 1156 114 En grant doubtance de meffaire

1947 3694 1103 145 Comment il maime loyaument

1947 3787 918 127 Et de dire ne se peut taire

1947 3844 1011 153 Que neant seroit du Retraire

1947 3949 1094 158 Et puis si doulcement souspire

1938 4046 1028 281 Qu a peine le puis escondire

1665 2873 141 197 nota

3415 180 154 263 9

3107 2644 550 115 ici finissent les regrets de la

3217 2728 374 132 mort de son cous
