3980 5262
311 473 948 149 Ie mourray Ien suis certains

267 587 838 118 Car Ie seray desert ains

294 684 807 135 Qui cy nait Ioye Ratains

456 767 583 118 pour ce que

421 863 1049 114 est quant bñ que de ces amours

460 951 979 114 Qui miracles sont si appertes

294 1043 1154 123 Qui maintes dames font appertes

289 1126 908 132 Qui Ia aloient en decours

272 1210 1057 197 Ilz garissent de cõmun cours

285 1363 1369 149 de plus grans maulz que fieures quartes

526 1451 470 127 Cest grant bñ

280 1530 1247 140 Nil nest si uieulz soit longs ou cours

289 1648 900 119 Sil en est bñ feru a certes

294 1740 1145 119 Quil ne lui semble tout decertes

294 1819 1294 110 Quil prendroit bñ le lieure au cours

570 1903 491 127 Cest grant bñ

456 1964 1180 153 amour mon bñ madame ma p̾ncesse

460 2082 1255 106 Tremontaine qui a bon port madresse

285 2126 1329 141 de quanque Iay souueraine maitresse

289 2223 1224 153 Estes dame confort de ma destresse

280 2354 1190 176 Ie uous doy bñ appeler ma deesse

302 2473 1304 153 Mon doulz espoir mon mur ma fort̾esse

588 2578 329 105 mamour

294 2657 1316 127 Car plus belle uous estes que lucresse

294 2745 1127 118 Plus prisee que peneloppe en grece

294 2832 1197 110 Se mira mis uous passez en noblesse

294 2920 1254 105 Si uous doy bñ dire par grant leesse

552 3003 378 114 Mamour

465 3043 829 158 uant Ie ne fais a nul tort

460 3170 1045 140 Pourquoy me doit on blasmer

298 3253 847 127 De mon doulz amy amer

289 3341 1036 131 ⁊ a son doulz uouloir maccort

289 3437 961 193 Sen lui est tout mon deport

289 3595 1014 141 Nautre ny peut droit clamer

504 3679 338 127 Quant Ie

386 3753 825 136 e lai quen est il aufort

302 3836 913 141 En fault il tel plait semer

280 3928 1080 158 Par tout pour moy diffamer

298 4034 834 188 En ay Ie desserui mort

127 846 123 193 .xiii.

1821 600 179 162 .xui.

100 1916 154 184 .xiiii.

2167 570 1181 157 oulce dame que Iay longtemps ẜuie

2273 504 333 136 Quant Ie

2014 780 1180 123 Et mon complaint ne tenez a solour

2198 688 1185 118 Ie uous suppli alleigiez ma doulour

2005 863 1369 149 Si soit par uous ma grief peine assouuie

1983 1008 1246 149 Uoyez cõment po᷑ uous amer de uie

2009 1118 1268 144 I espers uigour sens manie̾ ⁊ coulour

2000 1267 1198 162 Ne nayez pas de moy greue enuie

2299 1223 491 123 doulce dame

2009 1376 1295 123 Ou Ie mourray damoureuse chalour

2000 1460 1207 131 Pour uo beaute ⁊ pour ur̃e ualour

2014 1543 1369 149 Et pour ce adez pour aloingnier ma uie

2167 1718 1027 154 e suis Ioyeux ⁊ Ie le doy bñ estre

2312 1657 509 118 doulce dame

2009 1920 1325 114 Que ma dame son doulz amy mappelle

2202 1837 1119 118 dauoir ouy si tresdoulce nouuelle

2014 2003 1518 141 Or nest de moy ou monde si grant maistre

1992 2087 1206 197 Ne me pourroit chose uenir senestre

1970 2223 1285 140 Puis que Ie di que Ie suis amez delle

2005 2420 1294 110 Et quant Ie suis en paradis terrestre

2338 2328 505 118 Ie suis Ioyeux

2009 2508 1396 101 Et hors denfer pour la doulcour de celle

2018 2591 1404 114 Que cħun tient des dames la plus belle

2018 2679 1303 127 Et Ie Regart son maintieng ⁊ son estre

2150 2823 1290 136 ians uers yeulx qui mon cuer auez pris

2321 2762 487 110 Ie suis Ioyeux

2014 2986 1206 140 A nous me Rens si me tiens eureux

2194 2920 1298 127 Par uoz Regars plains de laz amoureux

2005 3095 1395 136 Destre par uous si doulcement seurpris

2018 3201 1391 171 On ne pourroit sommer le tres grant pris

1992 3336 1487 150 De uoz grans bñs qui tant sont sauoureux

1983 3486 1316 153 Tant estes doulz plaisant ⁊ bñ a pris

2330 3437 566 123 Rians uers yeulx

2009 3608 1251 128 Ou monde na hõme si douloureux

2009 3692 1343 136 Que sun Regart en auoit doulcereux

2009 3766 1444 127 Que tantost neust par uous cõfort repris

2330 3871 574 114 Rians uers yeulx

2176 3937 1246 145 ont en pensant a la beaute ma dame

2202 4051 1286 211 Qu on ne pourroit prisier souffisãm̃t

1838 1639 114 224 .xuii.

114 2951 131 258 .xu.

1803 2784 197 202 .xuiii.

3554 254 118 202 33

1799 3977 215 210 .xix.
