3925 5304
532 249 413 201 .lxxxuiii.

415 415 1070 164 nen puis Ie mais Ie Ie porte Le noir

415 512 1401 142 Quãt il conuient qua tous mes plaisirs faille

221 605 1582 159 Puis quesloignier me fault le doulz manoir

225 711 1463 137 On len ne ueult plus que Ie uiengne naille

221 791 1467 146 sont mon cuer est entrez en grant bataille

225 892 1401 137 Qui de dueil est plus noirci quarrement

229 967 1552 151 Mais quant fauldra que tout bñ me defaille

225 1074 1171 150 Ce sera fort se Ie uif longuement

238 1162 1207 208 Ha ma dame Ie me doyt bñ douloir

229 1321 1481 115 Quant il conuient que hors du pays saille

234 1414 1286 124 Ou uous estes mamour ⁊ mon uouloir

238 1489 1516 150 Ie nay pouoir que dautre Riens me chaille

229 1586 1273 128 Tout autre bñ Ie ne prise une maille

221 1684 1356 128 De uous uenoit tout mon auancement

225 1776 1573 111 Mais puis quamours si pesant faiz me baille

221 1851 1184 133 Ce sera fort se Ie uif longuͤment

229 1984 1393 146 En grant langour Ie uiuray main ⁊ soir

225 2099 1512 111 Que mauldit soit qui telz morceaux me taille

229 2179 1600 137 Par quoy uous pers dont mieulx uouldroie auoir;

225 2276 1582 110 La mort briesment que uous ꝑdre senz faille

225 2360 1459 110 Car ou monde na dame qui uous uaille

229 2435 1203 106 Ne de beaute ne de gouuernement

229 2532 1353 124 De uous me part las Ie ne scay ou Iaille

229 2616 1185 119 Ce sera fort se Ie uif longuement

570 2705 336 114 .lxxxix.

397 2775 1357 124 aintes gens sont qui ueulent ꝑ maistrise

415 2868 1242 102 Les bñs damours auoir ⁊ acquerir

234 2930 1569 137 Cest grant folonx car nest droit quen tel guise

238 3032 1481 115 On doye amours contraindre ⁊ seurquerir

234 3116 1348 110 Car humblement on doit ce requerir

234 3204 1467 119 Qui est donne franchement sens cõtrainte

238 3284 1450 145 Ou autrement lamour est faulse ⁊ fainte

243 3385 1321 186 Et sil aduient quaucuns aient acquise

247 3522 1313 128 Icelle amour par grant soing de guerre

243 3624 1268 124 A eulz ueulent quelle soit si soubzmise

243 3708 1304 115 Comme si droit leur faisoit conquerir

243 3787 1357 124 Pour ce souuent sont la doulcour perir

247 3871 1326 133 Qui doit estre par droite grace actainte

243 3938 1427 230 Ou autrement lamour est faulse ⁊ fainte

1962 446 1366 106 Si ny doit nulz y ouurer de main mise

1922 530 1578 119 Nen fait nen dit mais mieulx uoloir morir

1975 614 1211 124 Que ce qui est octoye par franchise

1962 693 1410 129 Ueulent par leur Rigueur faire perir

1940 795 1441 124 Bien seruir doit pour guerredon merir

1953 901 1375 111 Le uray amant obeir en grant crainte

1958 981 1467 132 Ou autrement lamour est faulse ⁊ fainte

2294 1060 309 102 .lxxxx.

2037 1118 1008 154 e de Iuno la deesse puissant

1962 1308 1348 128 Le fier dieu mars lira trop angoissant

2134 1242 1083 114 Nest adonius bñ briefm̃t secourir

1962 1414 1167 106 Es fors liens Ulcans est. encouru

1962 1507 1048 110 Uenue la maradiũ bñ y paru

1958 1582 1334 124 Mais ne lui puet a dez en Riens aidier

1953 1684 1423 119 Il y mourra brifment au mien cuider

1953 1781 1286 185 Et durement lui est pallas nuisant

1962 1935 1264 120 Mais Mercures est pour lui acouru

1958 2028 1423 111 Qui fait son fait trouble apꝑoir luisant

1949 2112 1233 115 Deuant le dieu Iupiter comparu

1962 2196 1109 115 Est adonius contre lui apparu

1966 2285 1353 119 Cest cerberus qui trop scet de plaidier

1980 2364 1348 120 Il y mourra brifment au mien cuider

1918 2475 1472 172 Trestous les dieux lui sont mal aduisant

1953 2629 1335 115 Fois mercures par qui Argus mouru

1953 2709 1123 110 Mais sa Iuno aloit a bellissant

1962 2780 1092 132 Il ne seroit de nul a mort feru

1958 2890 1184 115 Et sappollo le fiert a trop grant Ru

1958 2956 1365 115 Sauldra le sang tout lui fera uidier

1953 3040 1446 142 Il y mourru briefment au mien cuider

2156 3217 1260 115 ucunes gens mectent entente ⁊ cure

2324 3138 323 106 .lxxxxi.

1958 3394 1405 106 Et dautrui fait młt ꝑlent ⁊ nõt cure

2156 3301 1026 115 A espier ce que les autres font

1944 3474 1291 128 deuiens celer ⁊ les bons contrefont

1944 3558 1194 110 Mais enuie qui si les frit ⁊ font

1953 3642 1255 123 Les fait parler ⁊ de cħun mesdire

1935 3721 1441 146 Nil nest si lon quilz ny treuuent a dire

1940 3836 1441 181 Cest grant meschief que la uie tant dure

1953 3991 1202 216 A telle gent ⁊ que dieu ne confont

3536 229 123 142 16
