3976 5270
1098 96 1458 281 Dela mane A13. Reg. 7057 2

369 1594 1089 149 Comencent cent bonnes balades

562 1708 857 114 ucunes gens me prient

575 1804 378 132 que Ie face

571 1848 663 163 Aucune beaulz diz et

579 1971 703 132 que Ie leur enuoye

584 2068 720 119 Et de dicter dient que

579 2147 427 123 I ay la grace

294 2230 1270 123 Mais saince soit leur paix Ie ne sauroye

298 2331 1305 132 Faire beaulx diz ne uous mais touteuoye

303 2406 1164 127 Puis que prie men ont de leur bonte

298 2485 1296 136 Paine y meitray combñ quĩgnorant soye

303 2604 1159 123 Pour acomplir leur bonne uoulente

303 2736 1159 140 Mais Ie nay pas sentement ne espace

316 2845 1037 136 De faire diz de soulaz ne de Ioye

307 2920 1283 136 Car ma douleur qui toutes aut̾s passe

307 3008 1279 145 Mon sentement Ioyeux du tout desuoye

307 3100 1498 145 Mais du grant dueil qui me tier morne ⁊ coye

307 3192 1081 119 Puis bñ parler asses ⁊ aplainte

316 3298 1164 92 Si en diray uoulentiers plus feroye

307 3381 1177 114 Pour acomplir leur bonne uoulente

316 3465 1261 122 Et qui uouldra sauoir pour quoy efface

320 3544 1266 114 Dueil tout mon bñ uoulentiers le diroye

320 3640 1195 106 Ce fist la mort qui feri senz menace

333 3719 1156 114 Cellui de qui trestout mon bñ auoye

333 3811 1134 123 laquelle mort m a mis et mer en uoye

338 3882 997 131 de desespoir ne puis Ie nos sante

329 3965 1217 141 de ce feray mez dez puis con men proye

311 4053 1156 189 Pour acomplir leur bonne uoulente

1941 439 1160 206 Princes prenez en gre se Ie failloye

1955 579 1067 136 Car le dictier Ie nay mie hante

1946 632 1305 184 Mais maint menoit prie ⁊ Ie loitroye

1946 755 1269 158 Pour acomplir leur bonne uoulente

2174 878 1112 167 u temps Ia diz en la cite de Rome

2398 856 119 123 .ii.

2192 996 1283 163 Orent Romains maint noble ⁊ bel usage

1955 1089 1348 153 Un en yot Tel fu que quant un homme

1955 1185 1256 154 En fait darmes sen aloit en uoyage

1955 1282 1252 158 Et la faisoit aucun beau uesselage

1959 1383 1283 136 Et puis sen feust a Romme Retourne

1959 1488 1248 132 Cellui estoit pourpris de son bernage

1963 1585 1064 145 digne destre de lorier couronne

1972 1703 1393 211 De celle honneur on prisoit moult la sõme

1972 1853 1349 145 Car le plus preu lauoit ⁊ le plus saige

1977 1949 1370 119 Pour ce plusieurs que ci pas Ie ne nõme

1985 2042 1226 109 Sefforcoient den auoir lauantange

1990 2125 1142 141 Bien y paru car de ardi uisage

1998 2165 1415 188 Dompterent ceulz dauffrique en leur Regne

1990 2279 1362 145 Dont maint furent au Retour de cartage

1990 2380 1080 140 Digne destre de lorier couronne

1994 2525 1169 167 Ce fasoit on Iadis mais une pomme

1990 2656 1234 128 Ne sont prisiez en france cest dõmage

1994 2718 1327 145 A dez les bons mais tous ceulx on Renõme

1994 2819 1217 149 Qui ont auoir en tresgrant heritage

1994 2907 1380 136 Mais par bonte trop plus que par lignage

1998 2990 1270 150 Doit estre honneur et loz et pris donne

1998 3104 1266 110 A ceulz qui sont pour leur noble courage

1998 3188 1046 132 Digne destre de lorier couronne

1981 3324 1419 189 Prĩceps par dieu, cest grant dueil ⁊ grãt Rage

1998 3438 1310 154 Quant les bñs fais ne sont guerre donne

2007 3530 1283 145 A ceulz qui sont Au dit de tout langaige

2012 3631 1041 154 Digne destre de lorier couronne

2429 3728 123 136 .iii.

2216 3737 1048 197 uant le hander passoit la mer salee

2227 3882 1019 145 Non pas en nef ne en batel a nage

2007 3965 1112 123 Mais tout a no paruint en recelee

2016 4053 1138 158 Entreprenoit le perilleux passage

2622 188 260 172 7087

3151 4805 190 179 752
