4565 6342
851 438 1021 180 estoient pour ramener a la

851 591 1026 154 lumiere de uerite. Nous pͥons

856 708 1011 142 ta grant gloire q̃ ele resuscite

851 792 1032 169 cest hõme sil te plaist. si que ͤ

862 914 1010 148 toutes ces gens connoissent q̃

851 1009 1042 158 tu es urais deux et urais sires

846 1109 1052 154 sus toutes creatures. Et qnͣt il

841 1231 1052 127 ot ce dit. il ala au cors la ou il ie

846 1331 1052 132 soit mort. si le prist par la main

841 1426 1073 127 et dist. nostre sires qui sus toutes

841 1527 1057 127 riens a force ⁊ pooir que li iuif cru

841 1617 1068 137 cefierent. et qui resuscita au tiers

841 1722 1068 133 iour de mort a uie. cil te puisse re

841 1828 1068 127 susciter par son saintisme non te

846 1923 1074 132 ꝯmande ie que tu te lieues tout

841 2024 1073 142 droit sus tes piez et si parolles. tan

846 2119 1052 153 tost se leua cil qui mors estoit. et

841 2219 1063 138 se lessa cheoir aus piez .s̾. marcel

846 2325 1042 137 et dist. O beneurez ꝯfessors ihe

856 2425 1005 143 su crist. ie pechai moult qnͣt ie

846 2531 1037 132 occis la sainte damoisele ualeri

841 2637 1068 121 anne. Mes ie te pri que tu me don

841 2742 1084 133 gnes le baptesme de sainte peni

846 2838 1074 153 tance par la quele penitance ie

846 2954 1074 143 puisse auoir pardon. Qnͣt li dux

851 3065 1032 121 estiennes uit ce. il se mist a t̾re

846 3139 1063 158 aus piez saint marcel. si li pria

841 3260 1063 127 ml̾t doucement qui li feust ꝑdon

841 3350 1057 153 et remede de ses pechiez et de ses

841 3466 1068 133 felonnies quil auoit faites. Et

841 3556 1047 138 li sains confessors li charia peni

841 3667 1052 138 tance pour la mort de la sainte

835 3778 1063 127 uierge cele qui le baptiza ⁊ touz

841 3868 1057 143 ses haus hõmes dux ⁊ princes.

830 3974 1074 127 et tout le pueple de la cite hõmes

835 4085 1048 121 et fẽmes. si en i ot par nombre

825 4180 1095 132 .xu. mills̾. et li dux donna maint

830 4280 1095 138 biau don dor ⁊ dargent au saint

835 4402 1053 132 hõme. pour ce quil en feist faire

835 4497 1058 153 beles eglisses en lonneur de dieu

846 4613 1063 127 et chastiaus ⁊ uilles ⁊ uingnes et

846 4708 1052 122 terres. et tout qnͣque il ot en la

841 4809 1047 127 cite de lymoges li donna il aussi p᷑

841 4915 1068 132 enrichir les eglisses quil en feroit

846 5015 1058 132 faire. et pour mettre clers qui fe

835 5115 1058 133 roient le seruise nostre seingneur

835 5226 1058 117 Et apres ꝯmanda li dux a fere .i.

830 5311 1068 201 hospital pour lamour a la głieuse

2115 428 1011 174 uierge ualerianne. et li i mist

2115 560 1032 164 bonnes rentes assises pour donn̾

2121 681 1005 127 chascun iour a mengier a .iiͨi. po

2121 787 1005 153 ures. et .i. autre hospital fist il

2126 882 1021 148 encore pour lamour de saint mrͣ

2126 1009 1031 127 cel ou il a assez garisons pour ler

2131 1109 995 132 bergier. et pour donner aus po

2142 1204 994 133 ures a mengier. se plus de .uiͨ. nẽ

2137 1305 1005 153 i uiennent. Ap̾s pria li dux a .s̾.

2131 1416 1042 148 marcel qnͣt lame li istroit. hors du

2131 1522 1005 137 cors qui li lessast faire sa sepul

2131 1601 1021 137 ture delez la seue. Li sains homs

2131 1707 1011 148 li otria pour ce quil le ueoit a t᷑

2137 1812 999 138 ner a sainte foy et a uraie creãce

2137 1907 1031 148 Apres ce fist li dux fere une ml̾t

2131 2018 1011 148 bele eglisse sus la tombe sainte

2137 2129 1005 127 ualerianne la benoite uierge et

2137 2214 1020 137 martire. et si la fist aourner de

2137 2320 1005 132 touz precieus aournemens. Et

2142 2425 1000 127 qnͣt tout ce fu fait. si auint a

2147 2520 995 148 uenture que lemperiere de rõ-

2152 2642 995 143 me enuoia ses lettres a estiẽne

2147 2748 1010 142 le prince de france. si li manda

2152 2859 1016 127 et conmanda quil uenist en lom

2147 2943 1032 154 bardie a tout .iiii. legions de che

2137 3049 1015 153 ualiers et dõmes hardis em ba

2147 3160 1005 143 taille. et si uenissent si garni de

2142 3266 1005 137 uiandes et dautres besongnes

2152 3361 1005 142 si que uns ni eust souffraite ne

2147 3461 1026 148 mestier de ⟦uiande⟧ courre en ꝓie

2158 3567 973 137 et demourroient bien en son

2147 3678 1021 143 seruise .ui. mois entiers.  Encor

2152 3778 974 132 mandoit ce li emperieres que

2147 3873 989 148 uns qui uenist tant fust bas

2147 3990 1010 121 ne haut ne poure ne riche que

2147 4080 989 142 sil toloit a nullui nule rien ne

2152 4191 1005 142 ne couroit em proie quil nen

2142 4307 1005 132 prendroit autre chose que la

2152 4412 1016 127 teste. Qnͣt li dux estiennes ot oi

2142 4508 1026 142 ces lettres et les mandemens a

2147 4613 1005 127 lempereur. il assembla sa gent

2147 4698 1000 137 et sa cheualerie. puis en ala ẽ

2147 4804 1016 137 lombardie tout ainsi a tourne

2158 4920 1031 143 com noirons li empereres li auoit

2142 5026 291 163 mande.

2369 5105 762 164 uant il uint a lui il le ser

2073 5163 333 248 Q

2380 5232 767 137 ui iusquau terme qui de

2084 5337 1052 254 uisez estoit au terme dedens les

3369 443 910 185 lettres. et puis demanda ꝯgie

3369 581 931 153 a lempereeur de raler a sa gent

3374 681 910 175 en sa contree auec ceus que il a

3380 792 946 148 uoit amenez. Qnͣt li emperieres

3374 887 926 154 li ot donne congie ml̾t aimable

3374 993 931 174 ment. il uint a tout son pueple

3380 1099 946 169 qui auec lui estoit. si li dist alõs

3395 1199 894 143 tout ensemble a monseingneur

3374 1305 931 153 saint pere le prince des apostres

3380 1405 946 148 si prenons sa beneicon si q̃ nous

3380 1506 957 142 puissons auoir remission de nos

3385 1606 941 138 pechiez. Tuit cil qui auec le duc

3385 1712 920 137 estienne estoient auoient rece

3385 1812 920 143 u baptesme de saint marcel. et

3385 1918 941 122 creoient en nostre seingneur se

3390 2013 905 132 lonc la loy crestienne. pour ce

3385 2114 920 137 leur plot moult la parolle que

3385 2214 931 143 li dux auoit dite. Lors sen al̾ent

3390 2325 905 132 tuit ensemble et entrerent en

3385 2425 889 127 la cite de rõme. si trouuerent

3390 2520 889 133 le saint apostoille en une place

3390 2621 899 137 ou il preeschoit et anoncoit la

3390 2732 910 137 sainte euangille. ⁊ la loy nostre

3395 2848 937 143 seingneur a ml̾t grant assemblee

3395 2954 900 127 de gens. si se deschauca et toute

3390 3054 905 148 lost quil auoit amenee auec lui

3390 3160 905 143 si se lessierent tuit cheoir moult

3395 3266 916 142 humblement aus piez saint pere

3395 3377 905 126 par bonnes penssees. Qnͣt .s̾. pere

3395 3477 894 132 uit le biau pueple si parla. et si

3390 3572 878 143 leur dist dont uenistes uous ca

3390 3673 899 132 ⁊ de quel contree. Li dux respõdi

3390 3768 894 137 nous sõmes ca uenus de la t̾re

3380 3863 915 148 de france. et si sõmes par sainte

3380 3969 936 153 foy ⁊ par sainte parolle enlumine

3385 4064 915 164 de saint marcel. Li apostoilles

3385 4191 915 142 li dist conment estes uous enlu

3390 4286 931 153 minez. Li dux respondi nous son

3395 4391 900 148 mes enseingniez de leuangille

3390 4486 910 143 nr̃e seingneur. et baptizie en re

3390 4582 910 169 mission de nos pechiez. Qnͣt ce en

3385 4682 910 185 tendi saint pere il benei ⁊ rendi grͣ

3385 4809 889 137 ces a nostre seingneur. et dist.

3380 4888 894 164 biau sire deux i ete pri que tu

3395 4994 879 148 soies ses aidierres ⁊ ses ꝯseillier

3395 5089 905 164 res. Car pour ton saintisme non

3380 5184 915 169 essaucier est il alez en estrãges

3363 5306 948 195 contrees et lointaingnes et a
