4566 6339
856 507 1062 137 marcel estoit sains ⁊ benignes

840 591 1030 148 en douceur ⁊ en misericorde. et

840 697 1009 164 absiduez en oroisons. si ꝯme

850 813 994 132 nr̃e sires conmanda a ses deci

850 898 1010 179 ples quil leur dist quil feussẽt

840 1030 940 174 en oroisons toutes heures.

1083 1130 766 132 R uous conterai .i. au

1067 1236 782 137 tre miracle que nostre

756 1140 363 265 O

834 1320 1020 164 sires dist pour le saint hõme.

850 1431 1004 143 En ce lieu meismes que len ne

840 1542 1036 132 doit mie entre lessier ne trespas

845 1642 1009 138 ser a dire. Il auoit .i. prince en

850 1743 1004 132 cel chastel qui nerua estoit ape

850 1833 994 142 lez par non de grant pooir ⁊ de

845 1922 1020 164 grant seingnorie cousin ꝓchaĩ

861 2044 993 121 lemperere de rõme Cil auoit

840 2134 993 137 .i. filz ioenne enfant que li de

845 2213 1009 153 ables occist en tel maniere. qͥl

850 2329 999 153 lestaint ⁊ estrangla en son lit

856 2424 977 169 ou il gisoit. Le pere et la mere

856 2530 998 142 qui grant duel orent qnͣt il tͦ

850 2625 1020 164 uerent leur enfant mort ⁊ toꝰ

850 2741 989 137 ceus qui auec lui estoient tro

850 2841 989 133 uerent son enfant mort. Uin

850 2937 1010 137 drent a saint marcel la ou il es

850 3037 1004 148 toit. si li chairent aus piez em

845 3148 999 127 plorant et distrent. homs de

845 3243 1015 153 dieu oez nous ⁊ aidiez. si aporte

845 3349 994 148 rent le cors de lenfant. si le mis

845 3454 988 138 trent deuant les piez au .s̾. hõe

840 3544 988 159 a grant doleur et a gͣnt criee

834 3650 1026 148 Saint marcel estoit moult do

845 3755 994 127 lens des gens quil ueoit qͥ plo

850 3861 989 132 roient. si cõmenca il meismes

834 3956 999 137 a plorer. et si dui deciple. grant

840 4056 1014 138 gent estoient assemble p᷑ ueoir

834 4162 994 137 ceste chose. Saint marciaus ꝑ

845 4262 978 133 la a eulz touz ⁊ dist uous gens

840 4363 983 153 qui ci estes assemblez aussi li

834 4474 1010 148 paien conme li crestien priez a

840 4585 972 137 nr̃e seingneur quil doint cest

834 4669 1010 148 enfant resusciter par sa doceur

840 4780 1020 143 et par sa misericorde il meismes

829 4891 1010 148 ⁊ si dui deciple. et li pueples qui

824 4997 1020 132 iluec estoit ꝯmencierent leur

829 5087 973 147 oroisons a fere que deux le re

829 5192 994 148 suscitast par leur priere. Saĩt

829 5293 1010 190 marcel ꝯmenca a dire soroison

2066 406 1014 212 en tel maniere. Biau sire deux

2071 559 967 164 qui pour ton filz ⁊ pour saint

2066 655 993 184 pere me feis uenir en ceste loin

2071 797 988 138 taingne terre ie te pri que tu

2066 892 993 153 resuscites cest enfant. si que ꝑ

2082 1003 977 138 moi puissent cil qui uerront

2076 1082 1020 175 lenfant resusciter croire en toi

2082 1183 1035 164 et lors prist seurement la maĩ

2071 1294 988 148 de lenfant ⁊ li dist. El non nr̃e

2071 1394 1020 164 sire ihesu crist que li iuif cruce

2082 1510 998 159 fierent et au tiers iours resusci

2082 1621 988 153 ta et uint de mort a uie te con

2087 1711 1020 148 mande ie enfes que tu te lieues

2082 1806 1014 148 tout droit sus tes piez. et dis ⁊

2082 1906 998 138 racontes a ce pueples ce q̃ tu

2076 2012 994 148 as en enfer ueu. Tantost se le

2082 2113 1030 153 ua li enfes. Et qnͣt il fu drois en

2087 2208 993 158 son seant. si se lessa cheoir aus

2087 2324 1025 142 piez du saint hõme. et puis si con

2087 2419 999 153 menca a crier et a dire. homs de

2087 2509 1004 163 dieu baptize moi. et si me ꝯfer

2087 2630 1004 148 me du signe de la sainte foy. si

2092 2720 999 164 que ie puisse estre sauuez. Car

2092 2836 1004 143 nulz homs ne puet estre sans si

2082 2931 998 164 na este baptiziez et regenerez

2045 3048 1083 169 en la sainte huille de baptesme.

2298 3137 788 159 Uant li enfes ot ce dit si

2283 3248 792 132 ꝯmenca deuant le pue

1992 3137 343 349 Q

2092 3349 1004 148 ple a dire. Dui angels uindrent

2071 3449 1031 127 deuant moi grant aleure la ou

2061 3544 1004 137 li deable menportoient ⁊ distn̾t

2076 3650 1020 142 que ie seroie resuscitez par la pͥe

2071 3761 1057 132 re du beneureꝰ marcel. En enfer

2071 3856 1025 137 fet il apres na nule mesure. ne

2076 3956 989 137 nest nule fin de sa grandeur ne

2071 4062 988 132 de sa parfondesce. Touz temps i

2066 4146 1041 164 sont ploremens sanz ioie. et am̾

2066 4262 999 148 tez sans douceur et teniebres

2066 4358 1020 163 sanz lumiere. et plaingnemẽs

2066 4479 1004 159 ⁊ cris. et grans douleurs ⁊ tris

2066 4585 1009 132 tesces ⁊ froidures et chaleurs

2066 4696 1051 132 desmesurees. et gnͣt feu orrible

2061 4791 1046 142 qui onques ne faut. et morsu

2061 4902 1019 142 res de serpens. et pueur si gnͣt

2071 5013 1036 137 que nel pourroit souffrir crea

2066 5108 1030 137 ture humainne. La est p᷑reture

2066 5219 1009 132 et misere. et liuer qui onques

2066 5308 1009 206 ne muert. La sont li infernal

3313 385 978 243 chartrier. Ce sont li deable qui

3313 554 978 159 sont lait et hydeus qui les ames

3318 670 952 154 recoiuent tantost ꝯ elles issent

3313 781 967 143 des cors. si les tourmentent par

3318 882 967 142 diuers tourmens. et par diuer

3324 977 940 158 ses painnes. et bien sachiez q̃ il

3324 1088 946 132 nest nul si sages desous la reõ

3324 1167 951 158 desce du ciel qui peust par lan

3313 1294 951 137 gue conter ne dire les grans

3324 1389 940 137 douleurs desmesurees qui sõt

3324 1489 924 138 en enfer. La ou li enfes disoit

3324 1595 924 142 ces choses et autres. Touz li

3329 1706 919 132 pueples qui la iert assemblez

3329 1801 925 137 cõmenca a haute uois a crier

3329 1901 946 127 et a dire. il nest nul autre dieu

3334 2017 941 138 que cil dont cilz homs nous pre

3334 2118 925 127 esche et anonce. Dont se bap

3334 2213 920 132 tizierent en ce chastel q̃ homs

3329 2308 914 143 que fames que enfans .iiiͫ. et

3329 2408 919 143 .uͨi. si porterent au saint hõe

3324 2514 935 132 de biaus dons ⁊ de riches. Mes

3334 2604 904 132 il ne uolt onques nuls rece

3334 2704 914 153 uoir. Ainz lor conmanda quil

3329 2820 919 148 donnassent tout aus poures

3324 2931 946 143 Et apres ce sen ala aus signago

3324 3037 919 143 gues ou leur ydres et leur y

3329 3148 930 137 mage estoient. si les debrisa et

3318 3248 930 122 destruit toutes. Diluec sen a

3329 3338 941 132 la a .i. chastel quen apele adage

3324 3444 940 137 doc. La auoit il paiens qui estoi

3324 3539 930 132 ent deceu par lerreur du deable

3324 3650 919 121 qnͣt il fu entre en la uille. il con

3324 3740 919 147 menca a preeschier et a anon

3318 3845 946 143 cier aus gens la sainte euãgille

3318 3946 920 142 et si leur dist que nul ne puet

3313 4051 925 138 entrer ou regne dieu. sil nest

3318 4162 941 132 regenere en lyaue de baptesme

3318 4252 962 169 et du saint esperit en la remissiõ

3302 4363 931 153 de ses pechiez. La ou il p̾eschoit

3313 4479 957 148 de ces choses ⁊ de plusseurs au

3313 4585 935 132 tres. Li prestre de la loy i soruĩ

3318 4675 920 153 rent. si batirent ml̾t duremẽt

3324 4785 930 148 le saint hõme ⁊ ceus qui auec

3313 4896 925 138 eulz estoient. et tuit si deciple

3308 4991 919 154 beneissoient nr̃e seingneur p᷑

3302 5092 936 137 qui non anoncier il estoit dig

3308 5197 919 138 nes de souffrir telz choses. Et

3297 5298 930 190 lors souuint a saint marcel de
