4792 6368
546 493 977 149 Qnͣt il dist ie serai tout temps

535 610 966 138 auec uous iusquen la fin de ce

535 711 966 143 siecle. Apres ce quil fu resusci-

546 811 961 133 tez nous conmanda il. et dist

535 912 982 149 alez par tout le monde prees

546 1013 955 159 chiez et anonciez leuangille

535 1125 956 143 a toute creature. et qui crera

535 1231 972 122 et baptiziez sera. il sera sauf.

530 1331 977 133 et qui ni crera il sera dampnez

535 1427 956 127 pardurablement. Ce nous cou

541 1512 987 143 uient il a garder. Biaus chiers

535 1629 982 127 freres dist mesire .s̾. pere a .s̾.

535 1719 972 154 marcel. Il nous conuient fere

535 1836 982 132 si que nous ne deguerpissions

535 1926 972 143 les conmandemens de nr̃e sein

541 2043 944 111 gneur. et pour ce te couuient

535 2122 982 133 il a croire ⟦tes⟧ mes conseulz. si que

530 2223 950 133 la compaingnie de toi ⁊ de moi

530 2324 955 132 soit cõmune. Fais ne ta tar

530 2441 1019 132 ge une haste toi de quanque

530 2536 955 127 tu pourras. si que tu puisses

520 2621 987 149 hastiuement le pueple qui ta

525 2722 955 132 serui longuement. fere oster

514 2839 987 148 du deable. et retourner a foy ⁊

520 2934 944 138 a creance. si quil puissent re

520 3046 987 148 giehir ⁊ dire que nr̃e sire ihũ cͥs

530 3141 945 154 est urais deux. et sires de tou

525 3247 955 133 te creature. Une cite est en la ꝯ

520 3337 992 138 tree de france qui lymoges est

514 3449 966 127 apelee ꝑ non. Cele te ꝯmande

520 3534 960 159 nr̃e sires et toute france q̃ ele

520 3640 960 133 soit par ta p̾dicacion toute

520 3741 955 143 essaucier a sa loy. Et pour ce q̃

525 3852 955 128 la uoie est longue ne demeure

520 3942 987 138 mie a fere ce que ie tenseĩgne

520 4043 987 170 si que tu puisses auoir la celes

520 4160 997 138 tiel couronne. prens auecques

525 4277 976 122 toi .ii. prestres qui te port̾ont

525 4378 987 137 ꝯpaingnie. et si te seruiront. si

525 4484 987 138 quil ne perdront mie le loier de

525 4595 944 133 lor couronne. et si fais tant et

530 4691 939 132 entens de ma parolle que se

535 4786 950 143 aucuns homs te court sus por

535 4887 956 143 ocirre estent le col et abandon

551 4982 961 186 nes. et quiconques te despoill̾a

535 5067 934 175 de ta cote. lesses li et deguerpis

535 5179 988 154 ta uesteure. tant seulement fes

530 5280 961 196 que tu soies de ferme creance

1735 451 976 180 et de bon courage. Dont ne

1730 583 1018 170 sarresta saint marcel li beneois

1735 711 1045 164 homs ihesu crist quil ne se meist

1724 833 1019 127 a la uoie si ꝯme saint pere si li a

1724 928 1040 149 uoit enioint par le ꝯmandem̃t

1735 1040 1003 132 nr̃e seingneur. Auec lui enme

1724 1130 1014 148 na en sa ꝯpaingnie .ii. prestres

1730 1236 992 138 dont li uns estoit apelez aspi

1730 1347 1013 128 nien. et li autres austriclinien

1730 1438 1002 127 Et qnͣt il orent la uoie tenue iꝰ

1724 1544 1024 138 quen france. si auint que austri

1724 1650 1008 133 cliniens mourut. et se departi

1724 1745 993 138 de ce siecle. Lors fu saint mar-

1735 1852 1019 138 cel moult dolens. et ne sot que

1730 1942 997 138 faire. mes tout errant sen ret᷑

1730 2037 1008 133 na arriere a rõme a saint pere

1724 2133 1008 148 si li conta tout ce qui li estoit

1692 2228 653 170 auenu en la uoie.

1661 2337 323 242 Q

1921 2324 780 143 Uant saint pere loin il li

1931 2425 786 138 rouua erraument a re

1724 2531 1008 143 tourner arrieres. si li dist prẽs

1708 2637 1035 133 mon baston en ta main. et tan

1714 2748 1034 144 tost cõme tu uenras au leu ou

1703 2865 1072 117 tu lessas ton compaignõ mort

1724 2950 1046 149 si len touche et ie ferai mes oroi

1719 3056 1013 143 sons a nr̃e seingneur. et il se le

1719 3157 992 138 uera tantost sus. aussi ꝯseil

1714 3258 1056 143 ueilloit. et si receura ta ꝯpaignie

1708 3353 1024 154 Dont sen retourna saint mar-

1708 3465 1035 143 cel selonc le dit saint pere tant

1714 3566 992 127 quil uint au cors de son ꝯpain

1719 3656 1008 143 gnon ou il lauoit lessie. Et qnͣt

1714 3767 1029 128 il ot fait ce que saint pere li auoit

1714 3863 997 132 dit. Li membre et les uainnes

1724 3953 998 164 qui de char estoient uuidiees

1719 4075 982 138 conmencierent a rauiuer. et

1719 4181 1029 138 si ouure ses yeux pour regarder

1724 4293 987 127 la lumiere quil auoit perdue

1724 4388 1003 138 par la mort. Et quelz homs est

1724 4500 1014 127 ce que dont de riens que nostre

1730 4595 1008 138 sires ne feist ce pour demonstr̾

1730 4701 976 154 la foy saint pere. Et qnͣt saint

1730 4791 992 144 marciaus uit ce. il fu esmeus

1730 4913 992 149 par cest exemple. Dont sen ala

1730 5020 992 132 saint marcel a tout ses .ii. deci

1730 5120 1024 154 ples par toute la terre p̾eschãt

1730 5227 976 127 et semant la parolle dieu. et

1735 5317 982 159 tant quil uint au chastel de cu

1777 164 297 127 .Cxxxiii.

2939 424 1035 212 de pres de la cite de lymoges.

2945 599 1035 154 et la recut uns riches homs qui a

2945 705 1029 154 uoit a non Ernoul saint marcel

2945 822 1066 133 et ses ꝯpaingnons si demorerẽt

2939 928 1056 133 .ii. mois iluec. Nonques endemẽ

2945 1029 1066 138 tres ne cessa de preeschier ne da

2945 1140 1045 144 monnester la deuine parolle a

2945 1247 1024 132 touz ceus qui a lui uenoient. Et

2945 1353 1082 132 bien sachiez que grant pueple

2939 1454 1062 127 uenoit chascun iour a lui. et a

2945 1554 1035 138 ses .ii. compaingnons qͥ autant

2945 1655 1040 143 desirroient a estre doctrine de sa

2945 1756 1035 143 predicacion pour les grans mi

2950 1846 1056 138 racles quil ueoient chascun ior

2939 1952 1072 128 Ernoul cil riches homs que ie

2939 2048 1083 133 uous ai deuant nõme auoit une

2934 2143 1077 128 fille qui chascun iour estoit tra

2939 2239 1067 133 ueilliee. si que elle estoit toute

2934 2345 1088 133 desuee ⁊ hors de son sens. ne na

2939 2451 1104 138 uoit plus denfans que cele damoi

2945 2552 1066 143 selle. pour ce en estoit il plus cor

2950 2663 1045 138 rouciez a son cuer. ne il ne sauoit

2955 2770 1035 127 quil em peust faire. De ce li auĩt

2945 2865 1077 122 que qnͣt saint marcel entra en la

2950 2961 1056 127 meson. et li deables qui estoit ou

2945 3072 1077 143 cors de la damoiselle ꝯmenca a

2939 3168 1056 132 crier et a dire. Or sai ie bien quil

2945 3284 1066 133 me conuendra issir hors du cors

2939 3380 1094 122 a ceste damoiselle. Car li angels

2945 3470 1077 133 qui auec toi sont me traueillẽt

2934 3571 1077 133 durement et tourmentent. Mes

2934 3677 1040 133 ie te coniur par celui qui fu cru

2934 3773 1088 127 cefiez. que tu ne menuoies mie en

2934 3857 1093 154 abisme. Dont respondi .s̾. marcel

2939 3964 1035 138 au deable et dist. ie te coniur de

2934 4075 1061 143 par celui qui fu crucefiez q̃ tu isses

2939 4181 1056 149 hors du cors a cele damoiselle. et

2939 4298 1035 127 que tu i ames ni entres. Mes ua

2939 4383 1072 143 ten en .i. lieu desert la ou oisiaux

2939 4494 1067 138 ne uole ne ou il ait tribulaciõ

2945 4600 1082 154 dumainne creature. Lors uomi

2934 4701 1083 143 la pucele le deable hors de son cors

2939 4813 1062 132 et demoura aussi ꝯme morte. Et

2934 4913 1067 138 saint marcel la leua a mont det̾

2934 5025 1051 133 de ou elle gisoit si la rendi a son

2929 5131 1120 143 pere toute hestiee. Et bien sachiez

2934 5237 1104 143 uous qui crestiens estes et qͥ ceste

2913 5343 1077 154 uie entendez. sachiez que sains

4250 268 244 315 134
