4765 6381
478 425 931 207 moult sousfert tribulacions

462 526 963 207 pour tes conmandemẽs obeir

467 659 958 170 et pour faire ta uolente. pour

478 771 915 175 toi a il este enchaenne ⁊ mis

489 882 914 181 em prison. et batu cruelment

478 989 931 180 si que sa char a este derompue

478 1095 947 165 Biau sire deux donne li ta bene

478 1201 957 144 icon et ta grace si que elle pͣst

473 1292 968 170 remanoir auec lui pardurable

478 1393 925 159 ment. Quant il ot soroison ꝑ

483 1504 926 155 finee si se tourna par deuers

462 1600 957 149 le duc. et li demanda conment

462 1712 973 154 li sains homs se contenoit en

473 1813 962 149 la terre de france. Li dux li res

473 1924 957 165 pondi que il li auoit plusseurs

473 2041 957 133 mors resuscitez ou non nostre

473 2142 968 144 seingneur. et quanquil deman

473 2233 946 143 doit a dieu auoit il sanz nul a

462 2323 952 144 targement. Quant li dux ot

462 2435 963 143 dites toutes ces parolles il se les

457 2547 931 133 sa cheoir aus piez du saint a

452 2626 967 165 postoille. si li cria merci et par

457 2759 931 144 don que illa sossist de la mort

457 2860 941 128 ualerienne la beneuree uier

457 2951 978 138 ge. Dont le regarda saint ꝑe

467 3046 968 133 si uit lumble uisage et les l

478 3147 952 133 mes qui li descendoient de ta fõ

483 3243 942 133 tainne du cuer aual la face si

473 3350 962 122 en ot pitie et misericorde. si la

462 3445 952 133 soit de ses mesfais. Lors que li

462 3552 936 127 dux fu absos il fut aporter a

457 3647 957 128 Saint pere .iiͨ. lb-. dor que noirõ

457 3748 941 123 li emperieres de rõme li auoit

452 3865 962 128 donne. Li sains apostolles nen

457 3961 968 133 uolt riens prendre. Ainz ꝯmã

457 4062 962 128 da au duc quil les donnast a .s̾.

467 4179 974 138 marcel qui fere en feroit belles

462 4275 936 138 eglisses et les departiroit aus

462 4365 939 138 poures. Dont prist li dux la

462 4472 936 164 beneicon de saint pere lapostre

452 4583 930 160 et tout le pueple qui estoit a

452 4690 920 143 uec lui. si se departirent de la

457 4785 931 154 cite de rõme. et se mistrent a

457 4886 915 170 la uoie pour reperier en leur

462 4998 287 122 contree.

393 5088 293 511 Q

680 5088 692 176 uant il orent tant erre

664 5189 676 234 quil entrerent en frã

1675 127 260 128 .Cxxxui.

1611 404 1021 143 ce. Dont parla li dux a toutes

1622 521 994 154 ces gens en tel maniere. Con

1627 638 1000 138 te et ch̾r qui auec moi estes en

1627 749 1016 133 tendez a mes parolles. Nuls de

1622 850 1015 144 uous ne doit reperier en ꝓpre

1627 967 1010 139 terre iusqua tant que nous ai

1632 1052 1021 160 ons este a nostre bon pastre .s̾.

1627 1175 1000 143 marcel. Car ie sai bien que par

1627 1270 1005 144 ses saintes prieres auons nous

1627 1371 1010 144 este secouru en mains perilz. et

1622 1472 1005 165 qnͣt il ot ce dit. tuit lotroierẽt

1622 1584 1026 144 uolentiers et se mistrent a la uoie

1627 1685 1005 144 Li temps estoit plains de grant

1632 1791 1000 144 chaleur pour le soleill qui clere

1632 1898 1005 175 ment resplendissoit. et al̾nt

1632 2004 1000 149 tant quil uindrent a .i. chastel

1632 2111 1000 132 que len apeloit le gousse. La uin

1632 2212 979 138 drent a la riuiere qui garce es

1616 2307 1016 165 toit apelee. si tendirent iluecq̃s

1616 2408 995 170 leurs tentes pour la chaleur qͥ

1622 2536 983 133 moult estoit desmesuree. La a

1616 2642 1037 128 uoit .i. ioenne bacheler qͥ moult

1616 2749 1011 133 haus homs estoit. et estoit ape

1616 2850 1005 122 lez par non herbert. Son pere si

1622 2945 1037 133 iert quens de poitiers qui archa

1622 3041 994 138 des estoit apelez. Cil herbers p᷑

1622 3153 1010 122 lui refroidier si com plusseurs au

1616 3238 1000 133 tres fesoient sestoit alez esbani

1622 3350 983 143 er. et tant ala par desus lyaus q̃

1616 3467 979 116 il uint sus une fosse la la fonda

1616 3546 984 149 li deables qui le trait au fons ꝑ

1616 3653 973 127 sa grant felonnie. si ꝯmencierẽt

1606 3748 983 144 lors si compaingnon a crier. et

1600 3855 989 149 duc et conte et prince sailli

1600 3972 995 138 rent des paueillons et autres

1606 4073 1026 143 gens qui estoient uenus de plu

1595 4179 994 133 seurs terres par la riuiere de

1595 4280 1010 138 uianne. si conmencierent a cͥer

1595 4386 1005 133 et aquerir le cors a nos et au

1595 4493 994 143 tres manieres dinstrumens

1595 4594 978 159 mes il ne le porent trouuer.

1590 4695 994 159 archades son pere qui ml̾t la

1579 4796 1005 143 uioit ꝯmenca grant duel a de

1590 4902 994 154 mener. si prist ses gens si se de

1595 5009 989 148 parti du duc. et ala tant plo

1584 5099 1005 149 rant que il uint a saint mar

1576 5205 1024 218 cel qui preeschoit en la terre

2823 446 1064 85 de lymoges. et mlt auoit gens a

2839 494 1075 160 uec lui de diuerses terres assemblees

2799 616 1072 130 pour oir la parolle de salu que il

2839 728 1048 165 ooient moult uolentiers et ml̾t

2845 845 1063 133 y auoit gnͣs gens de gascongne ⁊

2839 946 1043 128 de nauarre qui baptizier se uou

2839 1047 1021 144 loient pour estre parcomner de

2845 1164 1031 128 la sainte foy crestienne. Tantost

2834 1260 1042 127 com li bons sains homs euesques

2839 1361 1048 127 uit archade qui si fort ploroit et

2839 1462 1043 138 auoit sa uesteure despeciee. Il li

2839 1568 1037 154 dist archade biau filz. ne pleures

2845 1675 1047 127 ne ne te dementes mie que lame

2834 1776 1058 138 de ton filz est ia em paradis portee

2839 1877 1037 159 par les mains des sains angels.

2834 1983 1042 144 Tantost se lessa cheoir archades

2839 2089 1037 149 li quens. et tuit li autre qͥ auec

2834 2190 1053 133 lui estoient aus piez du saint hõe

2834 2307 1032 139 et sachiez que li quens ploroit

2834 2398 1042 159 moult durement. et tuit li autͤ

2834 2515 1048 165 qui duel li ueoient faire. et me

2829 2610 1095 176 ismement li saintismes euesques

2829 2738 1063 138 em ploroit. Archades li quens et

2829 2839 1085 149 tuit li autre li prierent moult do

2829 2929 1085 144 cement quil alast auec eulz iusqͣ

2823 3030 1059 144 la fosse ou li enfes estoit noiez. si

2829 3137 1090 143 leur enseingnast ou il estoi que il

2829 3243 1063 138 nen pooient point trouuer. dont

2829 3334 1058 143 sen ala saint marciaus li bonseu

2818 3435 1074 143 rez auec eulz iusqua la riuiere. et

2818 3536 1074 154 bien sauhiez qui les fist deschaucier

2823 3637 1048 138 et estre en langes. et qnͣt il uint

2823 3727 1043 144 deuant la fosse qui parfonde es

2818 3828 1058 149 toit a desmesure. si leur ꝯmanda

2813 3940 1053 154 quil se meissent contre terre il a o

2813 4051 1085 149 roisons. et il meismes fist la sene

2813 4152 1063 155 Qnͣt il ot faite si dist felõ deable

2807 4254 1064 154 qui estes repost en ceste fosse por

2813 4349 1074 160 deceuoir lumainne lignee. Ie uoꝰ

2807 4456 1080 164 coniur par la uertu de nostre seign᷑

2813 4578 1053 133 que uous le cors du iouuencel q̾

2813 4690 1047 132 uous occeistes par uostre grant

2802 4775 1069 159 outrage raportez ca desus a la riue

2802 4876 1074 164 si que tuit cil qui ci sont uous puis

2818 4987 771 170 sent ueoir ⁊ esgarder.

2754 5090 276 434 Q

3010 5088 850 149 nͣt il ot ce dit. Le cors du io

3036 5173 798 213 uencel fu ietez tout a sec a

4174 227 250 209 138
