4792 6368
530 488 1077 180 lamonnestement saint pere qui

525 620 1061 149 li auoit dit que sil auenoit chose

525 716 1072 143 que aucuns le ferist en la destre

530 817 1046 138 ioe qui li tournast lautre. Et

525 928 1056 149 se aucuns te despoille de ta cotte

520 1018 1045 165 lesse li aussi toute ta fubleure. ⁊

514 1119 1051 159 se aucuns te court sus pour ocirre

514 1215 1056 154 besse le col contre lespee. pour ce

509 1337 1067 154 quil li souuint de ceste chose tãt

509 1438 1051 154 ꝯ len le batoit griefment. Il ten

509 1549 1077 143 di ses mains uers le ciel et fist so

504 1645 1040 127 roison a nr̃e seingneur. et dist

498 1740 1067 133 biau sire deux. tu es li refinemẽs

493 1830 1099 165 des tribulacions qui nous auirõ

498 1936 1056 165 nent pour ce te prions nous q̃

498 2043 1025 132 tu nous deliures de ceus qui si

498 2133 1046 154 nous destraingnent ⁊ auirõnẽt

482 2223 1041 165 et tourmentent. Tantost ꝯme

488 2334 1040 154 il ot ce dit cil qui les batoient de

493 2462 1008 117 uindrent auugle et sentrepris

488 2552 1008 122 trent par les mains et mena li

488 2648 992 122 uns lautre. Tant quil uindrẽt

477 2738 1035 138 a lymage dun de lor deux qui m̾

477 2833 1040 175 curius estoit apelez pour ce q̃ il

482 2955 1056 165 les conseillast. et quil leur dõnast

493 3056 987 159 respons si com il souloit faire

493 3168 987 138 Mes ly deables qui dedens lyma

493 3290 976 116 ge iert estoit liez des chaennes

488 3364 1008 154 ardans par langele nostre seingn᷑

488 3470 987 143 si quil ne se pooit mouuoir ne

477 3555 992 154 a eulz respons rendre si com il

461 3656 271 164 souloit

432 3762 263 249 Q

689 3757 786 159 uant il uirent ce si en fu

695 3863 753 148 rent moult dolent. si se

472 3958 1008 159 departirent diluec. et alerent

477 4059 1030 170 en .i. autre ydolle en .i. autre lieu

466 4165 1019 175 et qnͣt il furent uenu il li distn̾t

472 4277 976 159 nr̃e dieu est si courrouciez quil

466 4388 988 159 ne ueult a nous parler ne respõs

472 4484 1003 143 rendre. Et pour ce sõmes nous

477 4590 950 154 uenus a toi que tu nous ensein

466 4691 998 159 gnes que nous porrõs faire. Li

477 4791 961 170 deable qui dedenz lydolle estoit

482 4892 961 186 lor respondi. Uos deux ne uous

482 4998 972 170 pueent respons donner. Car li

488 5120 950 154 angels dieu lont lie qui le tiẽ

482 5211 972 169 nent ⁊ i oustissent. dont uinrẽt

477 5311 961 207 li prestre qui auugle estoient

1798 477 988 186 si se departirent diluec tant

1798 631 998 159 quil uindrent a saint marciel

1793 737 1014 143 si li cheirent aus piez et si li prie

1788 843 966 133 rent et requistrent qui leur

1783 928 976 159 chariast penitance de ce que

1783 1061 1008 143 mesfait li auoient. Li sains hõs

1783 1167 955 127 fist soroison a nr̃e seingneur

1788 1247 966 153 si douce ⁊ si piteuse et si urͣi

1777 1358 966 143 cuer que nr̃e sires leur rendi

1777 1464 961 133 leur ueues. Quant il furent

1772 1554 982 154 ralume li .s̾. homs lor ꝯmãda

1777 1666 1003 148 quil alassent a lymage iupiter

1772 1761 998 154 leur dieu. et aus autres ydolles

1761 1867 993 144 si les debrisassent toutes et il

1761 1979 966 133 si firent sanz demourance. dõt

1761 2064 971 143 se baptizierent el non nostre seĩ

1756 2159 976 138 gneur ihesucrist que hõmes q̃

1761 2260 966 143 fẽmes .ii. mille et .ui ͨ. qui tuit

1751 2361 971 138 furent tourne a uraie foy et

1740 2467 998 138 a creance. Uns homs palazineꝰ

1740 2579 992 138 gisoit en la uille qui ml̾t estoit

1740 2674 971 143 de grant ligniee ⁊ riche dor et

1740 2770 966 138 dargent et de gnͣs possessions

1740 2876 998 154 quant il oi raconter ce miracle

1735 2987 982 138 qui si gnͣt estoit auenus en la uil

1730 3088 981 133 le. il se fist porter deuant le saĩt

1730 3184 981 159 hõme si li pria qui le garantis

1724 3300 993 122 sist et gardast de cele enferme.

1719 3396 992 138 te. Li sains homs prist la maĩ

1724 3486 1019 143 du malade et fist soroison a nr̃e

1708 3592 1024 149 seingneur et dist deuant touz ceꝰ

1714 3698 997 138 qui iluec estoient Ie te ꝯmant

1708 3794 977 138 el non nr̃e seingneur ihesucͥst

1708 3889 998 149 que li iuif crucefierent que tu

1714 4001 987 143 te lieues tout droit sus tes piez

1698 4107 965 133 Tantost se leua cil et fu tout

1703 4202 992 144 maintenant garis de sa grant

1703 4309 998 148 enfermete quil auoit lonc tẽps

1703 4425 960 117 eue. et loa et glorefia nostre

1698 4521 955 127 seingneur et rendi graces au

1703 4632 950 128 saint hõme. Cil li uolt donner

1687 4733 966 143 grant auoir. mes il ne le uolt

1692 4839 961 143 prendre. ainz li ꝯmanda tout

1687 4940 976 138 a donner aus poures. Ainsi de

1682 5051 976 144 moura nr̃e preudom en ce lieu

1676 5152 966 144 iusqua tant que nr̃e sires sa

1687 5242 961 154 parut a lui en a uision ⁊ li dist

1671 5354 977 154 ua ten en la cite de lymoges. et

1878 185 296 112 .Cxxxiiii.

3008 488 1062 196 sans doutance saches que ie se

3014 647 1008 133 rai tout temps auec toi. et la

3014 753 1003 138 te glorefierai ie tessaucerai. A

3008 854 1035 148 lendemain fist saint marcial as

2998 960 1056 143 sembler et mander touz ceus qui

2987 1066 1019 138 estoient baptizie du chastel qui

2982 1156 1019 149 uenissent deuant lui qnͣt il i fu

2977 1262 1045 154 rent uenu. il leur demoustra la

2971 1379 1067 128 parolle que nr̃e sires li auoit dite

2977 1475 1050 138 et puis si prist congie a euls ⁊ les

2971 1581 1083 127 cõmanda a nr̃e seingneur qui gar

2966 1682 1029 132 de en fust et gouu̾nierre. Lors

2966 1777 1056 138 sen departi si sen ala a la cite. et si

2961 1873 1072 148 deciple auec lui. Qnͣt il furent en

2955 1979 1078 148 tre en la cite. il alerent a lostel du

2961 2085 1093 133 ne gentil dame qui susanne estoit

2961 2191 1045 133 apelee. et cele fẽme nauoit plus

2955 2281 1072 144 denfans cune fille. Cele estoit par

2955 2382 1078 149 non apelee ualerienne. En la mesõ

2950 2499 1056 133 cele dame uit saint marcial cele

2955 2594 1051 144 nuit. et auec lui si deciple. et qnͣt

2955 2695 1094 144 uint a lendemain. il ꝯmenca tout

2950 2791 1067 154 apertement a preeschier le non

2939 2908 1078 132 nr̃e seingneur ⁊ faire plusseurs

2934 3003 1099 159 biaus miracles. En la meson ala

2934 3115 1088 148 dame qui susanne estoit apelee

2929 3221 1082 143 auoit .i. hõme qui desuez estoit

2924 3321 1077 123 et liez de chaennes de fer ne ne

2897 3390 1125 160 losoit nul deslier ne aprochier.

2870 3499 292 327 Q

3173 3507 849 138 uant ele oi parler des gnͣs

3146 3603 865 132 miracles que saint mar

2929 3698 1066 144 cial faisoit. ele le pria moult do

2918 3810 1040 132 cement que il sauast cel hõme

2908 3921 1045 122 qui en sa meson estoit malade

2913 4006 1061 159 aussi ꝯ il fesoit les autres. Da

2918 4112 1077 143 me dist il se uous auez foy ⁊ crean

2908 4213 1061 149 ce uous uerrez la gloire dieu et

2908 4324 1077 138 son miracle. Lors ala la ou li des

2902 4431 1062 143 uez estoit si fist sus lui le signe

2897 4531 1045 160 de la crois et tantost derompi

2897 4643 1051 138 la chaenne. et tantost fu garis

2897 4754 1088 138 et sauez et reuint en son memoi

2892 4855 1050 138 re. Et qnͣt la dame qui susanne

2892 4961 1050 133 estoit apelee uit ce miracle elle

2892 5057 1072 143 chei deuant le saint hõme a ses

2897 5158 1061 143 piez. si li pria que elle feust has

2886 5264 1078 132 tiuement baptiziee. Dont la bap

2886 5361 1083 163 tiza saint marciaus li et sa fille.

4282 297 255 191 136
