4537 6339
824 443 1058 169 et la fu sains marciaus auec

830 565 1052 163 nostre seingneur. Et qnͣt nostre

835 665 1042 153 sires ot sa sainte predicacion cõ

830 781 1084 148 sõmee. et quil fu a la cenne auec

830 876 1073 154 ses apostres corporelment et qui

830 977 1047 179 leur laua les piez. Ap̾s ce que il

840 1104 1058 116 furent leue de la cenne. et essaia

840 1199 1037 132 au drap si com lescripture raꝯte.

840 1304 1037 132 Cilz sains marciaus fu esleus a

840 1394 1063 159 seruir auec cleopha et auec plus

846 1494 1068 154 seurs autres deciples pour ce q̃ il

846 1605 1047 154 queissent les choses qui erent ne

840 1695 1053 148 cessaires entreus ꝯme de boiure

840 1790 1074 185 ⁊ de mengier. et uessiaus a mettre

846 1906 1036 154 lyaue pour les piez des deciples lau̾

851 2012 1047 153 et dras a lessiuer. et apres la .s̾te.

851 2113 1031 169 resurrection qnͣt nr̃e sires saꝑut

846 2208 1068 163 a ses deciples en sa propre forme.

851 2319 1026 132 et il prist une piece dun poisson

861 2424 1047 143 rosti et une ree de miel. si en men

856 2514 1074 148 ga deuant euls et si leur en deꝑti

851 2598 1084 164 La fu saint marcel auec les autres

846 2709 1073 138 deciples et si entrecut sa partie de

851 2810 1068 137 nostre seingneur. et par tout au

851 2915 1042 133 si fu il auec les deciples la ou nr̃e

851 3011 1036 132 sires lor cõmanda quil alassent ꝑ

846 3095 1057 143 tout le monde les gens en seingn̾

840 3195 1084 138 et preschier. et si les baptizassent

840 3317 1074 127 ou non du pere et du filz et du .s̾.

835 3412 1079 137 esperit. et si recut la poeste de p̾es

840 3512 1079 148 chier leuangille nr̃e seingneur

840 3623 1063 127 meismement aussi com li autre

830 3724 1078 142 deciple. Et la fu sains marciaus

840 3813 1058 133 la ou nr̃e sires entra la ou li deci

830 3909 1105 163 ple estoient a portes closes qnͣt .s̾.

840 4025 1090 132 thomas ni estoit mie. La recut il

840 4125 1074 153 poeste de deslier ⁊ de lier ausi ꝯme

840 4236 1058 137 li autre. Car nr̃e sires lor dist rece

846 4331 1068 137 uez le saint esperit et a ceus qͥ uoꝰ

840 4421 1068 164 lascherez lor pechiez. il leur serõt

840 4537 1084 148 pardonne. et a touz ceus que uous

840 4653 1100 154 uoudrez retenir. retenu seront. et

835 4754 1084 148 la ou nostre sires monta es cieus ⁊

830 4849 1110 153 il benei ses apostres et la fu sains

830 4954 1105 138 marciaus et fu beneois auec les de

819 5071 1121 126 ciples. et auec eulz fu il touz temps

824 5166 1137 127 en ieunes en oroisons iour ⁊ nuit

824 5261 1148 190 et la ou nr̃e sires enuoia le saint es

2088 422 1015 180 pertit sus eulz en guise de feu et

2094 565 1015 142 si fu enseingnez et endoctrinez

2094 670 999 143 auec les autres de touz langa

2094 776 1004 148 ges. et fu urais tesmoins de la

2099 882 999 132 resurrection nostre seingneur

2099 982 978 143 Apres ce que li apostre orent

2104 1082 1015 143 receu le saint esperit et il furent

2109 1183 1000 127 conferme en uraie foy. il sespan

2120 1273 1021 142 dirent par diuers regions selõc

2109 1368 989 148 la uolente nr̃e seingneur p᷑ a

2115 1479 988 142 noncier et preeschier la sainte

2120 1568 983 159 euangille. Mesire saint pere qͥ

2120 1690 999 137 ert sire des apostres ⁊ princes ⁊

2131 1796 994 132 saint marciaus sen alerent en

2125 1901 984 143 antyoche. et plusseurs autres

2131 2002 978 142 deciples. Tuit anoncoient aꝑ

2125 2102 1042 143 tenient le regne du ciel ⁊ p̾eschoi

2125 2208 994 121 ent et disoient quen doit faire

2125 2297 1010 154 penitance de touz ses pechiez. La

2131 2398 1020 153 ou il preeschoient en tele man̾e

2136 2509 1031 137 nostre sire leur donna si grant

2131 2598 994 148 graces que li pueples dont il

2136 2699 994 153 nestoit nuls nombrez se conu̾

2136 2805 1015 142 tissoient a la sainte foy de bap

2141 2921 989 132 tesme par lor parolles et par

2141 3021 1021 127 leur predicacions et faisoiẽt

2136 3111 989 143 maintes belles eglisses es

2131 3217 1015 142 lieus ou il nen auoit onques

2136 3317 999 143 nulles eue. Et qnͣt li euesque

2131 3428 988 132 et li prestre i furent ordenez

2146 3528 1010 143 selonc droiture. Cil qͥ auoient

2152 3623 1010 159 diuers cuers tout temps a la

2152 3740 1015 126 loy nostre seingneur se faisoi

2141 3829 1026 148 ent regenerer en la sainte yaue

2146 3930 995 137 de baptesme. Qnͣt saint pere

2152 4041 978 132 et si deciple estoient ainsi. et

2152 4130 1015 159 il estoient en la cite dantyoche

2157 4236 984 153 et il orent tout esploitie. et

2157 4352 984 159 quil ot conuerti a foy ⁊ a cre

2157 4458 984 143 ance uns euesques ⁊ prestres

2157 4569 962 132 ordenez et autre clergie. il se

2162 4669 973 143 parti de la cite pour uenir a

2152 4754 1004 164 rõme. si dist a saint marcel qͥl

2157 4870 1010 153 uouloit quil uenist auec lui en

2157 4986 984 132 sa compaingnie. La ou il se fu

2157 5092 973 127 rent mis a la uoie plusseurs

2157 5187 1005 148 autres de lor deciples se mist̾nt

2120 5293 1031 158 auec eulz. si i fu saint aspiniẽs

3315 464 973 159 et saint austricliniens ⁊ maĩt

3320 549 952 179 autre dont il ne conuient mie

3304 649 529 185 les nons dire.

3285 770 279 238 Q

3537 760 751 169 Uant il furent uenu a rõ

3558 876 714 164 me il uindrent a lostel de

3278 961 1005 174 marcel le consille des rõmains

3331 1072 962 158 qui mľt uolentiers recut saint

3326 1172 951 148 pere et sa compaingnie begui

3331 1267 968 143 nement si furent en sa meson

3331 1362 962 169 grant piece. si p̾eschierent au

3320 1473 973 143 pueple tout apertement. et

3336 1574 947 153 anoncierent et distrent q̃ nr̃e

3341 1674 947 143 sires les auoit a eulz enuoiez.

3341 1785 973 158 pour ce quil deguerpissent lor

3341 1885 942 143 erreurs et les fausses ymages

3352 1991 936 148 quil a oroient. et aourassent ⁊

3347 2091 952 154 ꝯneussent le urai dieu qͥ estoit

3336 2192 941 137 .i. seul dieu en .iii. personnes. et

3347 2297 936 132 bien seussent quil estoient si serf

3347 2398 925 137 quil auoit este pendu en la cͦis

3347 2503 925 143 pour tout le monde quil auoit

3352 2593 920 148 rachete de son precieus sanc.

3352 2715 947 137 La ou il demoroient a rõme en

3363 2826 920 126 tel maniere. et il p̾eschoient

3363 2926 941 132 nr̃e sires sapparut une nuit a

3352 3021 936 132 monseingneur saint pere. et

3331 3116 994 148 si li dist quil enuoiast .s̾. marcel

3352 3222 947 132 en france pour preeschier aus

3352 3327 936 117 gens. a cele fin nul deguerpi

3357 3417 915 132 sissent les deables quil a oroiẽt

3357 3523 910 143 et amenassent au seruise ihe

3352 3634 931 137 sucrist pour auoit uie pardu

3352 3729 962 143 rable. et lessassent la mauues

3357 3845 942 138 se erreur ou il estoient. Dont

3352 3935 962 143 prist mesire saint pere .s̾. mar

3347 4030 946 137 cel. si li conta ce que nostre si

3352 4130 936 148 res li auoit conmande Qͣnͣt

3352 4236 941 143 saint marcel lentendi il con

3363 4342 946 158 menca a plorer pour ce que il

3357 4453 952 158 cremoit la lointaingne contree

3357 4553 936 148 et que les gens ne le connoissoi

3352 4653 936 154 ent. et nule riens de uerite ne

3352 4770 947 153 sauoient. Saint pere le ꝯmẽca

3363 4865 925 158 mlt doucement a conforter ⁊

3352 4970 947 148 dist. saint frere naies en toi nu

3352 5065 915 154 le douleur. Car nr̃e sires a este

3352 5166 941 164 ⁊ iert touz temps auec toi si ꝯ il

3352 5282 936 195 meismes nous ot en conuenant
