4460 6398
848 383 1067 171 terre loing en sus de la riue. et

842 517 1046 154 li deable saparurent sus le gue

848 623 1061 144 en semblance de pourciaus. Lors

842 735 1041 139 cõmencierent li plusseur a pͥer

837 842 1099 155 au saint euesque quil ꝯmandast

842 954 1035 133 au deables quil ississent hors de

842 1045 1062 143 lyaue en lors propres fourmes si

842 1156 1057 139 quil les peussent ueoir apertem̃t

842 1263 1073 123 Dont parla saint marciaus ⁊ dist

853 1370 1040 133 engingneus deables qi hĩtez

848 1471 1045 123 esparfons liens de ces yaues. Ie

842 1556 1083 139 uous cõmant que uous ueingniez

842 1663 1078 144 ca hors a seche terre en tele forme

842 1775 1078 139 que touz li pueples uous puisse ue

842 1887 1083 128 oir certainement. Tantost issirẽt

848 1983 1067 133 li deable de lyaue. et uindrẽt deuãt

853 2095 1046 133 saint marcel qui ne loserent ꝯtre

853 2196 1067 133 dire. Il estoient noir ⁊ hydeus ⁊ let.

858 2308 1099 144 et auoient grans piez a desmesure

858 2415 1057 128 et eux uermeus et espoentables

848 2505 1072 144 plains de poour ⁊ dorriblete ⁊ lor

848 2628 1061 133 cheueleure estoit noire qui de la

853 2729 1067 123 teste quil auoit cornue issoient ⁊

848 2836 1067 123 estoient si lonc li cheuel quil cou

848 2927 1077 149 uroient le cors. grans leures et

848 3023 1088 138 grosses auoient. et par les narilles

858 3129 1073 133 quil auoient et grans ⁊ lees leur

853 3236 1056 128 issoit la flambe toute ardant. Il ꝑ

848 3332 1077 128 loient si que len les entendoit. Mes

858 3428 1062 133 miex sembloit lor uois cri de corbel

848 3534 1045 139 que dautre creature. Qnͣt saint

858 3636 1062 117 marcel les uit il parla a eulz ⁊ lor

858 3721 1057 139 dist anemi dites moi uoiant touz

853 3844 1062 122 ceus qui ci sont cõment estes uous

848 3945 1088 128 apelez et par quelz nons. et li uns

853 4052 1072 128 deulz respondi ie sui apelez engin

864 4153 1056 138 guierres de nul. Li sains euesq̃s

864 4254 1099 139 dist pour quoi es tu apelez ꝑ tel nõ

864 4361 1067 133 li deables respondi pour ce que ie

858 4462 1062 139 ai en moi nul engings a deceuoir

858 4558 1078 144 lumainne ligniee. Dont apela .s̾.

864 4686 1051 133 marciaus lautre. et toi ꝯment

864 4777 1077 149 es tu apelez. et li deables respondi

869 4878 1099 155 len mapele luiton. pour ce que ie

864 4979 1072 144 ai touz iours este en ceste fosse. Si

869 5091 1035 139 i ai maint hõme noie qui sont alez

853 5182 1115 277 es infernaus painnes. Li sains homs

2107 405 997 138 dist pour quoi portez uous en

2112 506 1019 149 uos mains telz chaennes toutes

2112 613 1019 128 ardans. Li deable respondirent

2123 719 987 144 pour ce que qnͣt nous auons

2117 837 1030 154 les ames deceues. nous les hõs

2112 943 1030 139 de ces chaennes et puis si les me

2117 1055 1014 149 nons a nostre mestre .S̾. marcel

2128 1162 1003 138 dist. et conment est apelez ur̃e

2128 1258 982 138 mestre par son propre non. Li

2123 1359 992 128 deables distrent il est apelez Ri

2123 1455 1008 165 gaut. Li sains euesques dist p᷑

2133 1583 982 128 coi est il ainsi apelez. Li deables

2128 1679 1008 139 si distrent pour ce que il sesioist

2128 1786 1014 138 tout temps. et desirre tencons

2123 1887 1013 144 et male auenture. Dont prierẽt

2128 1988 1003 149 et requistrent li deable au saint

2123 2100 1056 139 hõme que il ne parlast plus a eulz

2128 2201 1024 150 en langue latine. mes en ebrieu

2128 2308 1019 128 ou en autres parolles queles qͥl

2133 2404 1009 155 te plera. Car tu sez bien ⁊ entẽs

2128 2511 1035 149 touz langages et encore te reque

2128 2628 1019 144 rons nous par ta pitie que tu

2139 2740 1024 133 ne nous enuoies en abisme ne

2133 2836 1014 123 en la mer doccean.. Dont parla

2133 2927 1009 122 saint marcel et leur dist en e

2128 3012 1030 149 brieu. Ie uous coniur de par nr̃e

2128 3135 1019 122 seingneur ihesu crist que li iuif

2128 3230 1030 123 crucefierent que uous en ailliez

2133 3332 1025 144 en diu̾s lieus ou oissiaus ne uole

2128 3438 1040 128 ne ou nule creature humainne

2128 3534 1040 150 habite. et la soiez iusquau iour

2128 3630 998 155 du iugement sanz blecier nule

2128 3737 1035 144 ame qui ait uie. Tantost sen ale

2139 3849 1008 128 rent li deable de deuant saint

2133 3956 1009 133 marcel. ne onc puis ne saparu.

2139 4073 1003 139 rent a riens uiuant. Li dux ⁊

2139 4169 1013 128 touz li pueple qui la estoit as

2139 4265 1029 128 semblez de diuerses contrees se

2139 4377 997 128 lessierent cheoir tuit plorant

2139 4489 992 138 aus piez du saint euesque. si li

2144 4595 1035 139 prierent que il conmandast que

2144 4702 1030 139 il feist reperier lame ou cors que

2144 4798 1030 144 li deable en auoient ostee ⁊ ietee

2144 4910 1024 149 par traison ⁊ par boisdie quil ne

2149 5017 993 128 sen releescast ne esiouist. Li .s̾.

2144 5107 1014 139 euesques fu esmeus par la pͥere

2139 5203 1019 213 du pueple. et par les lermes qui

3323 431 928 198 Leur ueoit plorer. si leur dist. ot

3339 517 939 208 prions tuit ensemble nr̃e seĩgn᷑

3345 629 917 213 quil face reuenir lame en ce cors

3339 741 934 224 si com il la conmanda issir par sa

3339 847 912 203 uolente. Lors prist la main au

3339 954 918 202 iouuencel et dist. Herbet ie te

3339 1055 907 197 conmant de par nr̃e seingneur

3339 1162 912 202 que tu te lieues et parolles a noꝰ

3345 1268 912 187 Et tantost se leua cil sains ⁊ hes

3339 1375 939 192 tiez et reuint en uie et parla uoi

3345 1476 917 187 ant touz ceus qui nostre seingn᷑

3345 1583 773 155 en loerent et gracierent.

3574 1684 651 176 uant ce uit li dux et touz

3318 1675 288 271 Q

3601 1802 629 170 li pueples. Il ꝯmencierẽt

3323 1887 902 192 nr̃e seingneur et loer ⁊ gracier p᷑

3339 1994 891 181 le haut miracle. Apres ce saint

3350 2111 885 160 marcel apela le iouuencel qui

3350 2207 891 165 mors auoit este et li dist. Ains

3339 2308 891 165 di nous conment li deable te

3339 2415 902 144 pristrent. Cil respondi uoiant

3355 2521 918 155 touz. Ie estoie entrez en lyaue por

3345 2612 917 155 la grant chaleur que ie auoie p᷑

3345 2735 917 154 lauer la sueur de mon cors. et tã

3339 2836 902 149 tost me trebuchierent en la fosse

3334 2932 917 144 si mestraindrent ⁊ noierent. et la

3350 3039 923 138 ou il me uouloient lier de chaẽnes

3350 3151 917 122 toutes ardans de fer. uint li angels

3345 3246 922 128 nr̃e seingneur ⁊ dist. Lessiez le ester

3350 3342 907 139 empes quil nest mie en uostre poes

3345 3454 885 123 te. ne en lui nauez uous point de

3339 3550 902 128 seingneurie. A donc me ꝯmenca li

3345 3652 912 138 sains angels amener uers oriant

3345 3748 928 154 et .ii. tourbes de deables uindrẽt

3334 3854 944 139 contre nous. si aloit lune tourbe

3334 3950 933 150 deuant nous et lautre derriere

3339 4068 950 133 et tenoient saiettes toutes ardãs

3334 4164 933 138 et lancoient ⁊ ie enfui ml̾t espo

3339 4270 928 133 entez. et li angels me dist que

3345 4366 912 149 ie ne les crainsisse de riens q̃ nr̃e

3345 4473 917 165 sires iert mes desfendierres et q̃

3339 4585 907 133 il lauoit fet uenir en mon aide

3345 4691 896 144 Qnͣt li angels ot dites ces choses

3345 4787 885 160 fait li iouuencel au saint hõme

3345 4894 885 171 Il me cõmenca a chanter ꝑ ml̾t

3345 5006 912 155 douce uois .i. dous chant ⁊ a dire

3345 5113 906 144 que ie men confortai moult. Et

3353 5193 909 239 tant a lasmes chantant q̃ nous

1296 5912 219 187 .xuii.

3489 5971 709 165 uenismes en purgatoire
