4792 6368
350 1216 290 848 I

504 504 1029 138 que il reult quil soit mostrez

493 604 992 149 pour efforcier creance. Il firẽt

482 711 982 132 a donc le seruise dieu. Et ap̾s

482 811 982 138 se cennerent cõme cil qui nule

488 918 971 116 sousfrette de uiande ne de boi

504 1002 976 160 ure nauoient. puis quil uirẽt

498 1119 388 149 la colombe.

578 1204 913 154 L passerent la nuit par .i. des

573 1305 907 149 pertuis du conopen. Li uns

562 1406 892 127 drecierent les mas ⁊ les uoil

551 1512 934 138 les et li autres se tindrẽt aus

520 1613 934 127 franges du conopen iusqua

509 1719 992 143 tant que la nef fu appareillie

498 1820 934 138 e. Adonc si leur uint uns bõs

461 1915 977 138 uens si q̃ il ne leur fu mestier

456 2021 987 138 de nagier fors que de tenir les

456 2127 966 138 auirons et les gouuernaus

456 2223 987 138 Ainsi alerent .uiii. iours par

472 2324 1008 132 mer. Adonc uirent une isle mlt

477 2435 987 133 perreuse et roide et seche sanz

461 2520 982 143 arbres et sanz herbes plaĩne

456 2626 998 133 de forgeurs ⁊ de feures. Qͣnͣt .s̾.

461 2727 987 143 brandain uit ce il fu moult pẽ

466 2839 1014 122 sis car il ne uouloit mie aꝓchier

461 2934 993 133 cele isle. mes li uens si les y me

466 3035 993 133 noit uousist ou non. Ainsi com

466 3136 977 143 il trespassoient par deuant au

472 3237 928 127 tant com li giez dune pierre

461 3321 1024 149 dure. Il oirent la noise des fous

477 3433 966 127 soufflans ⁊ les escrois des maꝰ

466 3534 998 132 de fer com ce se fust .i. tonnerre

466 3645 1003 143 Saint brandain fist donc le sig

472 3746 971 138 ne de la crois sus lui ⁊ sus ses fre

472 3847 960 148 res et dist. Sire deux ihesu cͥst

466 3958 977 112 deliure nous de ce peril ou noꝰ

466 4043 972 133 sonmes sil te plaist. qnͣt saint

461 4160 1003 127 brandain or ce dist il oi une uois

461 4250 977 138 du ciel qui li dist brandain ne

466 4356 956 159 tesmoie de riens. Mes chemine

477 4468 939 154 par mer toi et ta compaingnie

477 4574 945 122 tant que tu uiengnes a ton a

477 4669 950 160 baye et raconte a labbe et au

482 4765 956 154 couuent ce que tu as ueu ⁊ trou

488 4866 955 170 ue. Et ainsi le fist com il le con

488 4977 950 154 manda. Et qnͣt il fu en son abba

482 5083 934 144 ye il sadreca au miex quil pot

488 5179 960 164 et se reconmanda a dieu ⁊ fist le

488 5274 971 271 signe de la crois sus lui et ainsi

1692 488 1014 154 trespassa de ce siecle et est ou

1692 578 1062 154 regne du ciel auec le pere ⁊ le filz

1692 695 1056 138 et le saint esperit qui uit et reg

1687 790 1003 143 ne pardurablement sanz fin

1682 891 228 133 amen.

1952 902 780 143 Ci conmence la uie mõ

1682 1002 1008 144 seingneur saint marcel de ly

1687 1109 1014 127 moges ⁊ les miracles que deux

1692 1209 934 107 fist pour lui a sauie ⁊ apres.

1565 2552 497 594 A

2027 2536 695 106 U temps que nostre

2048 2616 647 132 sires ihesucrist pre

2053 2717 658 143 eschoit et enseignoit

2037 2823 648 138 les iuys qui erent

2005 2923 696 149 de la ligniee benia

1687 3035 987 127 min en la terre de iherusalem

1661 3125 1013 138 Grans assemblees de iuis le sui

1676 3231 1019 138 uoient. pour ce quil desirroient

1666 3332 1024 133 a oir ce quil apartenoit au sa

1671 3438 1003 138 lu des ames et des cors. et si li a

1671 3539 1008 149 portoient ce que mestier li es

1671 3645 1030 128 tiot a mengier et a boiure. Et

1671 3730 1040 154 entre ceus uint pour nostre seĩ

1661 3847 1050 148 gneur oir .i. mlt haus homs des

1666 3948 1045 148 iuis qui estoit de la lignee que

1666 4043 1029 133 ie uous ai deuant nonmee qui

1671 4149 1014 138 marciaus estoit apelez deuant

1666 4255 1019 154 par non. et sa fẽme auec lui ⁊

1655 4367 1040 143 .i. si en filz. Car il nauoit plus de

1666 4478 1008 149 touz enfans. La dame estoit a

1666 4574 1008 159 pelee Elyzabel. et li enfes mar

1671 4675 987 132 ciaus qui nauoit seulement

1671 4765 998 170 daage que .xu. ans Ceus oi

1666 4871 1008 159 rent nr̃e seingneur qui prees

1666 4977 1024 165 choit et disoit faites penitan

1666 5078 1013 170 ces car li regnes du ciel aꝓche

1671 5184 1008 165 et qui ne sera regenere ⁊ de lya

1671 5285 1003 164 ue du saint baptesme ⁊ du .s̾.

2918 466 1088 149 esperit laue il ne pourra entrer

2924 573 1056 148 ou regne dieu. Ce disoit nostre

2924 668 1029 149 sire au pueple. et mlt dautres

2918 774 1051 149 bons conmandemens pour men̾

2929 886 1035 138 saint uie. Et quant ce oi li ꝓdõs

2924 992 1040 143 qui marciaus estoit apelez ⁊ son

2902 1098 1040 111 filz et la dame. il uindrent a nr̃e

2918 1194 1024 116 seingneur ⁊ si li prierent moult

2902 2525 1046 128 douceent qui le feist regene

2897 2605 1061 138 rer en la fontainne du .s̾. baptes

2902 2711 1120 143 me. si com il disoit et enseingnoit

2897 2812 1051 149 a faire. A donc ꝯmanda nr̃e sires

2902 2918 1051 133 a saint pere lapostre qui les bap-

2897 2998 1067 154 tizast. et la fu baptiziez marciaꝰ

2892 3088 1061 159 et Elyzabel sa fẽme et marciaus

2886 3205 1088 159 son filz qui mlt estoit de bonne doc

2892 3316 1098 128 trine. et sachiez quil monta sus lar

2886 3428 1078 132 bre pour nr̃e seingneur ueoir si ꝯ

2886 3528 1104 149 leuangille raconte et ioseph de bi-

2892 3629 1088 138 rimacie qui apres enseueli nostre

2892 3709 1114 154 seingneur et plusseurs autres iuis

2886 3815 1072 143 dont se seroit anui du raconter.

2886 3921 1099 149 lor nons et qui il furent. Qͣnͣt tuit

2881 4022 1072 164 furent baptizie chascun repera en

2886 4128 1094 165 son ꝓpre lieu. Sains marciaus li bõs

2886 4234 1067 144 iouuenciaus ne retourna mie en

2892 4340 1040 165 la meson son pere. ainz demoura a

2881 4441 1045 154 uec nr̃e seingneur en la ꝯpaignie

2886 4553 1040 159 des apostres et sacompaigna a

2886 4648 1083 149 mon seingneur saint pere qui son

2886 4754 1062 149 cousin estoit assez ꝓchain. et par

2886 4860 1083 154 lamonnestement de lui se penoit

2881 4951 1109 154 il mlt de touz les ꝯmandemens nrẽ

2881 5062 1104 149 seingneur faire et acomplir. Et

2881 5168 1083 154 apres ce grant temps resuscita

2897 5264 1045 164 nr̃e sires le lazaron em bethanie

4245 249 260 207 134
