4609 6370
823 552 1035 154 qui auoit non ualerienne et

823 642 1040 164 si pria a nr̃e seingneur p᷑ elles

833 759 993 154 que il les lessast planierement

823 854 1024 165 perseuerer a ses conmandem̃s

828 950 1041 154 et il si fist ⁊ elles furent puis du

838 1072 1041 138 saint esperit raemplies quant

833 1178 1014 127 elle se furent baptiziees. Tuit

833 1274 1062 143 cil qui en la meson estoient se bap

828 1374 1057 144 tizierent aussi li haut ꝯme li bas.

823 1475 1040 149 Si en i ot .ui ͨ. par nombre. Ap̾s

833 1576 1046 143 ce saint marciaus ⁊ si deciple sen

838 1677 1047 138 alerent. el teatre cest en la place

833 1767 1057 149 ou nostre deciple assemblerent

828 1873 1051 165 pour preeschier leuangille nr̃e

828 1985 1062 138 seingneur. Quant li prestre de

833 2075 1078 143 la mauuesse loy le sorent ⁊ il les

833 2181 1036 144 oirent parler de tel chose qui ꝯ

838 2282 1041 143 tre leur loy estoit. il en furent

833 2383 1057 165 moult dolent si les pristrent ⁊

844 2500 1041 138 baptirent moult durement ⁊

844 2601 1056 154 puis les mistrent em prison en

833 2691 1036 143 une chartre. Qnͣt uint a lende

838 2786 1052 160 main a droite heure de tierce .s̾.

833 2903 1073 138 marciaus fist soroison a nr̃e sein

838 3004 1068 154 gneur et dist. Biau sire dieux ihe

844 3110 1025 133 su crist qui es lumiere el regne

838 3216 1062 128 de dieu. donne nous clarte qui i a

844 3312 1041 133 ne prengne fin. Si que cil qui sõt

844 3407 1078 133 filz de teniebres qui nous õt mis

844 3503 1041 149 en ceste oscurte en chartre pour

844 3614 1088 128 ce que nous aorons ton saintisme

838 3710 1062 133 non. ne se puissent de nous eleest̾

844 3806 1067 138 ne auoit ioie. et tantost ꝯme il ot

849 3912 1041 138 ce dit une grant clarte resplendi

844 4007 1046 149 en la chartre aussi ꝯme se la res

838 4108 1068 138 plendisseur du soleil i fust uenue

849 4220 1078 138 et toutes les chaennes dont il fu

849 4320 1062 144 rent enchaenne et oissirent. et li

849 4427 1057 138 huis ouurirent et tuit li hõe

865 4533 1046 143 qui la chartre gardoient cheirẽt

860 4644 1025 138 a leurs piez et prierent a saint

854 4756 1031 132 marcel qui les baptizait ⁊ par

854 4862 1046 122 toute la cite fu terre mote ⁊ gnͣs

854 4973 1036 128 crolles et foudres ⁊ tonnoirres

854 5058 1052 144 ⁊ esclipses fu par tout si grant q̃

854 5165 1057 138 li paien senfuioient aus temples

860 5260 1067 127 de lor ydolles. Et pour ce que il cui

876 5366 1030 165 doient estre a sauuete ⁊ uenus

2054 530 1009 138 a garant. Li preste qui auoient

2065 605 1020 159 feru et batu saint marcel furẽt

2070 727 999 159 occis des cops du tonnerre. Car

2076 838 1009 144 dieu ne uouloit une quil le com

2076 944 1019 149 parassent. Dont uindrent tuit

2081 1040 1030 154 cil de la cite qui gnͣt paour auoiẽt

2081 1141 1030 148 a la chartre. si mistrent les sains

2086 1236 1036 165 hõmes hors. et se lessierent che

2086 1358 1004 133 oir aus piez saint marcel. et si li

2092 1449 1008 159 distrent sains homs. Se tu el nõ

2092 1565 998 138 ihesucrist resuscites ceus qͥ ore

2097 1666 993 128 sont mort. nous crerons uraie

2097 1767 1051 117 ment en lui sanz nule doutãce.

2097 1857 1041 149 Dont tendi saint marcel les maĩs

2102 1969 1004 133 uers le ciel. et dist biau sire dex

2097 2064 1025 133 qui deis que auroit autant

2092 2144 1040 154 de foy ꝯme .i. grain de seneue. sil

2108 2256 1040 148 disoit a une montaingne quele

2113 2367 1025 149 trespassast dun lieu en autre q̃ le

2113 2478 1019 139 i trespasseroit. Biau sire deux nr̃e

2108 2569 1035 154 foy est tele que nous creons biẽ

2113 2680 1062 144 fermement. conmande sil te plest

2118 2781 1004 154 par ta misericorde que ceus soi

2108 2871 1051 160 ent resuscite par les mains de tes

2113 2993 1046 149 angels. Qnͣt il ot ce dit il ala as

2113 3100 998 127 cors de ceus qui mors estoient

2118 3200 1030 138 si leur dist. ie uous conmant el

2118 3301 1020 138 non de ihesu crist que li iuif cru

2123 3402 1020 138 ce fierent et au tiers iour resus

2129 3503 993 138 cita de mort a uie que uous uoꝰ

2123 3604 999 143 leuiez et a ce pueple qui ci est

2129 3705 1003 127 assemblez dites ⁊ enseingniez.

2134 3800 988 138 ce quil doiuent faire. Tantost

2145 3912 1009 127 se leuerent cil tout droit en lor

2145 4002 998 149 estant. et puis se lessierent che

2139 4108 1020 133 oir aus piez du saint hõme et dis

2145 4204 993 148 trent. Nous pechasmes enu̾s

2145 4310 982 159 uous car nous ne sauions mie

2145 4427 998 132 que nous fesions. La ou il disoi

2155 4533 993 143 ent ce touz li pueples qui la es

2155 4639 1009 149 toit assemblez. et meismement

2155 4745 1009 138 li diu prestres qui erent resuscite

2161 4851 998 154 dont li uns auoit non aureliẽs

2155 4963 977 138 et li autres adriens. si se con

2166 5069 1009 154 mencierent a escrier a une uois

2166 5175 993 133 et a dire. il nest autre dieus en

2166 5276 1014 138 ciel ne en terre que cil dont. cist

2179 5376 988 181 saint hõme preesche ⁊ anonce.

3286 451 999 217 Ainsi passa le iour et la nuit iꝰ

3297 610 982 149 qua lendemain. Dont ꝯmanda

3308 711 993 159 saint marcel a tout le pueple pe

3308 822 977 138 tit et grant que il deuant lui as

3302 923 999 149 semblassent et il si firent. et il lor

3313 1024 961 165 sermonna et monstra la uoie de

3313 1135 988 128 uie pardurable. et apres les bap

3302 1231 983 149 tiza el non du pere et du filz ⁊ du

3318 1337 972 165 saint esperit. bien .xx. mile si cõ

3254 1465 717 132 raconte lescripture

3257 1530 327 354 A

3520 1544 781 154 pres ce que ce fu fait il.

3536 1650 765 138 prist tout le pueple qui

3318 1741 977 148 baptiziez estoit. si sen ala es tem

3329 1852 972 138 ples des ydolles. si trouua lyma

3324 1969 982 133 ge de iupiter. et de mercurius ⁊ de

3329 2059 977 138 dyanne. et de uenus. Celes fist il

3339 2149 956 149 toutes debrisier contre terre et

3339 2256 962 138 les temples despecier ⁊ destruire

3334 2362 961 154 et abatre. et puis i fist fere une

3339 2468 951 149 moult bele eglise en lonneur de

3350 2579 935 133 monseingneur saint estienne

3345 2675 961 127 le premier martir apres nostre

3345 2765 956 149 seingneur. Apres ce que fu a

3345 2871 966 149 uenir. la bonne dame sainte susã

3350 2972 951 159 ne se departi de ce siecle. et si fu

3345 3094 956 138 enfouie ⁊ enseuelie par les maĩs

3345 3190 950 133 de saint marcel. et lame de li en fu

3350 3301 945 133 portee en la compaingnie des an

3350 3407 945 138 gels auec nr̃e seingneur. et biẽ

3355 3498 919 138 sachiez uous. uous qui moez ⁊ en

3355 3593 908 138 tendez que la haute dame dõna

3355 3699 919 117 au saint hõme. moult de riches

3355 3774 935 143 dons dor ⁊ dargent ⁊ de grans pos

3355 3891 946 148 sessions de terres et de uignes ⁊

3355 3991 951 144 si li donna gnͣt multitude de desers

3361 4092 934 138 tout ce fist elle pour ce que qnͣt

3361 4182 955 160 il feust trespassez de cetes uie quil le

3366 4310 945 143 seruissent dignement si com il le

3366 4395 935 164 deuoient faire. Qnͣt la bonne da

3366 4522 950 149 me fu trespassee de ce siecle si ꝯme

3366 4607 956 159 ie uous ai dit. Sa tres beneuree fil

3371 4719 914 159 le qui ualerienne estoit apelee

3366 4835 929 149 uint a saint marcel si sottia a lui

3366 4926 935 175 et dist quele uouloit touz les iors

3366 5042 950 154 de sa uie parmanoir en uͥginite

3366 5154 945 149 desoremes en auant. ne ne uou

3371 5249 919 165 loit pas auoir celui qui lauoit

3377 5366 908 207 pleine ⁊ qui la deuoit auoir ꝑ
