4792 6368
493 530 971 128 mariage. et cilz estoit .i. duc qͥ

488 631 1003 133 estienne estoit apelez. et tenoit

482 727 998 148 toute la terre de la riuiere du ros

477 833 982 143 ne iusqua loire. et si ꝯme ses .ii.

477 928 987 133 riuieres se portent iusqua saĩ

477 1029 966 154 ne. et tenoit tout le regne daqͥ

477 1146 982 138 tainne. et de gascongne ⁊ de na

477 1247 961 138 uarre iusquau port daspire. et

477 1347 966 117 auoit la poeste iusquau mont

472 1438 960 122 daspire. La sainte damoiselle

466 1528 950 154 uouloit garder ce que elle a

461 1639 998 133 uoit uoue. et aloit chascũ iour

461 1745 1003 144 aus sarmons du saint hõme por

461 1852 977 122 oir et retenir ses parolles. et si

456 1931 1003 149 estoit si raemplie du saint espe

466 2043 993 132 rit que elle estoit iour ⁊ nuit en

461 2143 982 144 prieres ⁊ en oroisons en ieunes

461 2244 982 144 et en uegilles. et bien demons

461 2340 1008 132 troit par toutes bonnes oeuures

461 2441 977 138 que elle uouloit estre uierge ⁊ de

461 2547 971 122 cuer ⁊ de cors touz les iours de sa

456 2642 992 128 uie. Qnͣt ele oi nouuelles que li

451 2764 1003 138 dux estienne qui son barõ deuoit

445 2854 1003 128 estre uenoit a la cite. ele sauoit

445 2961 998 138 bien quil se courrouceroit et se

445 3067 998 127 roit moult dolens de ce que elle

445 3173 1014 127 auoit uoue que ele parmaĩdroit

445 3263 998 138 en uirginite. si prist toutes ces ri

451 3380 1024 138 chesces et les departi aus poures

440 3470 1029 149 Quant ele ot oi saint marcel

440 3576 998 138 preeschier et dire cuns iouuẽ

451 3677 987 133 ciaus auoit a nr̃e seingneur de

461 3778 961 127 mande quil feroit pour auoir

445 3868 998 133 uie pardurable. et nostre sires

451 3969 976 138 li dist quil ne nuisist nullui ne

451 4080 960 138 nemblast riens ne ne portast

440 4192 971 132 faus tesmoingnage. Li iouuen

440 4282 992 143 ciaus dist que de ce sestoit il biẽ

445 4399 1003 138 tenus touz les iours de sa uie. et

445 4500 993 159 nr̃e sires li dist. sil uouloit estre ꝑ

445 4606 982 159 fais. Dont uendist ce quil eust si

451 4696 971 154 le donna ⁊ departi aus poures. si

456 4802 976 165 en conquerroit tresor ou ciel et si

451 4903 376 127 le suiuroit.

424 4965 276 272 C

684 4982 701 176 el p̾eschement entendi

663 5089 748 164 la glorieuse uierge uale

387 5147 1029 196 rianne et si lacompli bien. Car

429 5311 971 229 qnͣque elle auoit en ses tresors

1671 530 1067 117 et que ele pot auoir si conme dor

1687 631 1045 133 et dargent ⁊ de pierres p̾cieuses ⁊

1682 732 1072 148 de riches uesteures. ele departi tout

1676 833 1041 154 ⁊ donna aus poures. Qnͣt tout ce

1682 933 1056 138 fu fait. li dux qui ses barons deuoit

1682 1045 1050 143 estre uint en la cite et ꝯmanda qͥ

1676 1135 1030 138 la damoiselle uenist a lui qui de

1682 1247 1050 143 uoit estre sespousee. et qnͣt elle fu

1682 1353 1061 132 uenue il sot bien ⁊ par li et par plus

1682 1443 1029 143 seurs autres quil ne lauroit mie

1671 1538 1035 149 en mariage. si en ot moult grant

1682 1655 1029 138 duel et ml̾t gnͣt ire. et si desuez en de

1682 1751 1024 127 uint quil ne uouloit a nullui ꝑler

1671 1841 1061 149 longuement. Il conmanda que le

1676 1952 1014 138 feust hors de la cite menee et de

1676 2053 1035 128 colee. La ou on menoit la damoi

1676 2143 1035 138 selle pour decoler. Si dist au tyrãt

1671 2244 1014 144 certes tu mourras en ceste nuit

1671 2350 1040 138 que nuls ne pourroit souffrir les

1671 2451 1040 133 males auentures qui te sont appare

1661 2541 1056 149 illiees. Qnͣt elle ot ce dit. ele tẽdi

1666 2669 1024 138 les mains uers le ciel. si fist soroi

1666 2754 1056 169 son en ceste maniere. Car pour ce

1671 2870 1014 133 me mainne len decoler q̃ ie taĩg

1666 2961 1019 159 Biau sire deux auironne moi de

1671 3072 998 133 ta grace. et si enuoie en maide

1666 3178 1008 143 tes angels que li deables ne me

1661 3268 1013 160 puist aprochier ne moi ne maine

1666 3385 1019 143 Qnͣt elle istra de mon cors. Et p᷑ ce

1661 3486 1002 127 ne uueilie mie prendre terrien

1661 3582 1013 132 baron. et se ie estoie fors close de

1661 3693 1029 133 ta chambre que ie perdisse la foi

1661 3794 1008 143 de ma uirginite que ie tai ꝓmise

1661 3889 992 149 pour ce me mainne len decoller.

1666 4001 971 143 que ie ainme miex a morir q̃ ie

1655 4107 1035 143 la perde ne que estre departie de

1661 4224 1008 127 ta foy ne desseuree. La ou elle di

1655 4319 993 138 soit ces choses la uois du ciel fu

1655 4420 982 133 oie qui dist ualerianne naies

1661 4537 997 132 nule paour. Car li angels taten

1655 4627 977 127 dent qui tenporteront en la

1655 4728 977 132 clarte ou ia iour naura obscur

1655 4829 971 127 te. dont fu liee la sainte uier

1655 4913 998 128 ge si regarda uers le ciel ⁊ dist

1655 5020 1003 148 biau sire deux ie te ꝯmant mõ

1655 5131 993 127 esperit en tes mains. et lors estẽ

1655 5237 982 117 di le col. et cil qui la deuoit deco

1655 5333 998 196 ler. Li trencha a .i. cop la teste. et

1793 185 239 122 .cxxxu.

2924 456 1050 191 li crestien et li sarrazin qui la

2929 610 1045 138 estoient assemble uirent lame

2929 705 1040 159 quant elle issi du cors aussi clere

2929 827 1056 144 cõme la raie du soleill. et si uirent

2924 933 1061 144 les angels qui lemportoient uers

2924 1040 1066 138 le ciel. tuit chantant ⁊ disant. ua

2924 1146 1040 132 lerienne martire ihesu crist. Tu

2918 1241 1083 144 es beneuree qnͣt tu as garde les

2929 1347 1045 128 conmandemens nr̃e seingneur.

2924 1448 1056 128 et tu seras deuant lui em ꝑdura

2918 1538 1088 149 ble lumiere qui ia ne prendra fĩ.

2913 1655 1061 133 Qnͣt ce oi li escuiers au dire estien

2918 1756 1067 133 ne quil auoit decolee. Il courut

2913 1852 1045 138 au duc a moult gnͣt haste si li

2908 1942 1034 159 dist toutes les choses quil auoit

2908 2053 1072 128 oies et ueues. Et qnͣt il ot sa ꝑole

2913 2149 1088 138 finee. il dist oncore que la sainte

2908 2250 1082 143 uierge auoit dit. la ou len lame

2908 2350 1056 128 noit decoler quil mourroit cele

2913 2451 1098 133 nuit. et quant il ot ce dit il chei

2897 2536 653 159 mort au pie le duc.

2844 2644 260 306 Q

3104 2632 865 164 uant le duc le uit il en ot

3104 2759 881 149 moult grant paour ⁊ tuit

2860 2876 1146 116 cil qui le uirent et qui auec le duc

2870 2977 1115 138 estoient. Lots uesti li dux une haire

2876 3072 1119 133 et pria saint marcel quil uenist a

2881 3178 1120 128 lui. et il uint. Et quant il i fu uenꝰ

2881 3279 1099 133 Li dux lichai aus piez et li cõmẽ

2886 3385 1120 143 ca tout emplorant a dire. Sain

2886 3491 1078 138 tismes homs ie ai pechie que ie

2881 3597 1093 138 ai fet le saintisme sanc ⁊ le iuste

2881 3704 1093 122 espandre. Mes ie te pri que tu re

2876 3799 1072 127 suscites ce mien escuier. et si me

2886 3889 1083 144 fais croire en ton dieu. Saint mͣr

2881 4006 1056 143 ciaus li respondi. se tu ueuls de

2881 4112 1104 117 ton cuer parfaitement croire nr̃e

2870 4208 1088 138 seingneur ihesu crist il le resuscit̾a

2865 4324 1115 138 Lors apela saint marcel tout le pue

2865 4420 1125 159 ple deuant lui. et parla a eulz en tel

2865 4531 1141 149 le maniere. Prions a nr̃e seingnor

2881 4643 1088 117 tout ensemble quil cõmande ꝑ sa

2870 4733 1072 138 grant misericorde que cist homs

2870 4844 1110 133 soit resuscitez de mort ‸ͣ uie. et lors

2865 4940 1099 122 firent tuit silence et distrent lor

2865 5046 1077 133 prieres. et saint marcel li benois

2860 5147 1098 133 confessors dist. Biau sire deux

2870 5258 1056 117 touz puissans qui el monde pour

2855 5333 1140 185 les hõmes sauuer qui en tenebͤs

4213 265 239 286 137
