6934 4910
1297 613 1568 148 son sen pere qui pieca auoit

1277 736 1625 131 donne si noble secour a Romme

1277 846 1547 140 Et lui abandonna sont son

1264 977 1568 172 tresor mais le conte luy dist

1211 1129 1547 180 Tres puissant pere ie ne

1219 1252 1584 188 Requier Riens des tresors de

1248 1407 1588 180 leglise si non que Ie soy par

1273 1538 1686 180 uous confesse adont entrerent

1285 1681 1658 160 en lorasont Et louyt le pape

1248 1800 1662 204 de confession et fut de son fait

1264 1935 1707 209 bien esmerueille Et lui chãga

1268 2107 1605 167 en penitance quil passast les

1260 2229 1732 180 bras et lames Et allast p̃mie̾m̃t

1281 2389 1645 151 a constantinoble pour secourir

1273 2508 1670 184 la noble emperriere fille du

1277 2635 1727 208 Roy de france Laquelle acquillan

1252 2778 1654 196 le soubdan auoit asseget et q̃l

1322 2913 1518 208 chassast les sarrazins Et q̃

1297 3060 1584 209 sil auoit uictoire quil lap̃nt

1281 3224 1584 176 a femme et quil se fist emꝑeur

1301 3346 1633 189 et lui promist q̃ ainsi soit Il

1285 3469 1633 258 fait Et ainsi le pape en dõna

4121 630 1711 171 absolucion et se partit baudoyn

4121 765 1560 147 et son oost de la cite de Romme e

4113 867 1601 147 entrerent en mer et prindrẽt

4101 977 1650 176 leur htoxe par la mer po᷑ aller

4105 1112 1650 176 en cõstantinoble par iour et ꝑ

4101 1227 1650 188 nuyt et estoient ceulx de la uille

4121 1346 1572 221 en grande destresse et famine

4166 1505 1544 242 ¶ Comment le conte de flandres

4248 1620 1613 204 et ses gens uindrent a cõstantinoble

4257 1759 1354 217 pres de loost des sarrazins

4412 1923 1294 249 audouyn le conte de

4093 1964 315 305 B

4408 2107 1404 211 flandres et son oost passe̾nt

4089 2229 1612 164 homes et encontrerent des

4089 2336 1641 180 sarrazins qui ne les entendirent

4072 2455 1552 184 mie Mais sen Retournerent

4085 2585 1555 168 fuyant a loost des sarrazins

4072 2684 1609 196 dune heure pres et dirent les

4064 2815 1580 184 sarrazins a aquillan q̃ les

4080 2962 1589 184 francoys estoient Repassez a

4076 3097 1568 155 grande compaignie et quilz

4068 3220 1588 167 les auoient ueuz et feurrent

4097 3338 1654 172 une grant lione Aquillan fut

4097 3473 1629 205 bien dollant et esbays et appella

3880 1747 254 180 .xiic.

1850 4148 389 201 absolute

6070 306 213 160 [[.xxu.]]

6193 413 110 131 30
