6923 4894
1285 595 1619 167 la couronne et le Reaume de france

1272 717 1118 176 au feuillet .iiii̽̽iii.

1199 921 1546 184 ¶ Comment le Roy ph-e et Iehan

1285 1048 1631 155 tristain auecques plusieurs aut̾.

1297 1162 1701 163 prince seigneurs et barons allrͤm

1260 1268 1571 192 conquester le Reaume de sarte au

1297 1378 1069 232 feuillet .iiii̽̽iii.

1170 1598 1738 212 ¶ Comment Iehan t̾stain fut prins

1248 1753 1664 188 et emprisonne au feuillet .iiii̽̽iiii.

1174 1916 1657 192 ¶ Cõment Robert de bethune qui

1329 2035 1628 183 uenoit de fourraige auec grant

1248 2173 1534 131 quantite de gens qui osterent

1187 2247 1725 195 Iehan tristan helayne et melior

1260 2369 1575 184 de larrolx au feuillet .iiii̽̽u.

1187 2585 1693 188 ¶ Comment Iehan tristain espousa

1256 2695 1705 225 la belle helaine au feuillet .iiii̽̽ui.

1138 2920 1864 220 ̃¶ Comment Iehan tristain po᷑suyueoit

1293 3042 1680 179 maladins a force desperons faut

1260 3160 1612 220 quil out uaincu au feuillet .iiii̽̽ui.

1195 3344 1562 204 ¶ Comment le Roy phelippe sen

1256 3462 1493 175 Retourna en france. auec. .xu.

1244 3601 1362 330 gens au feuillet .iiii̽̽uii.

4059 403 470 661 C

4442 742 1554 261 y comãce le liure

4405 938 1318 159 de baudouyn conte de flanđ

4104 1039 1440 208 et de ferrant filz au Roy de

4152 1137 1530 237 portingal qui apres fut conte de

4140 1305 449 208 flandres

4185 1688 341 326 E

4491 1643 1297 277 n l an mil cent

4503 1876 1204 175 quatre uingts auoit en

4152 1953 1555 228 flandres ung conte nomme pħles

4169 2092 1485 171 duquel conte quatorze autres

4181 2218 1395 184 contes estoient tenues par

4189 2312 1550 212 honmaiges ¶ C est as sauoir holan

4197 2426 1620 216 de zelande alor haynault fatache

4197 2585 1453 180 cambresis uermandoys noyon

4193 2699 1551 172 amnarle bolougne amiens corbie

4201 2797 1559 192 artoys et la conte de guienes Et

4201 2916 1632 167 la estoient subiectz a lui et siestoiẽt

4197 3026 1600 208 lun des pars de france et auecq̃s

4193 3144 1595 200 ce estoit filloul ⁊ portoit Le nom

4206 3258 1505 204 de phelippes. Lors Roy de france

4201 3376 1510 212 ce qui fut moult preudoms et

4185 3491 1546 338 loyal des  au temps que celui Roy

6168 350 126 208 6
