6929 4905
1414 670 1533 151 uuque Ie conquis corps a corp le

1398 780 1635 168 soubdan caquedent et gaingnay

1402 886 1618 180 son escu. grant lion rompant et.

1373 1005 1635 184 leusse emporte si ne fussent les

1398 1136 1455 135 sarrazins qui me uindrent.

1389 1267 1537 155 faulcemẽt enclourre et me̶

1393 1397 1611 156 follerent lescu et meussent si

1369 1516 1619 172 neust este le conte de uilliers q̃

1389 1635 1484 171 uoyez cy et les aut̾s barrons

1377 1765 1566 152 qui me uindrent secourir et

1369 1888 1582 176 occist le conte de uilliers ung des

1373 2035 1488 151 filz caquedent et Reconquist

1365 2141 1553 156 lescu et son destrier  quil me

1349 2268 1553 159 donna. Et pour ce le demande

1361 2415 1332 176 lescu po᷑ ce q̃ ie lay conquis

1361 2546 1443 159 premie̾ment et le conte de

1291 2681 1603 143 uilliers le demande pareille

1357 2799 1508 180 pour Ie q̃ depuis Il le ꝯquist

1349 2930 1614 168 Si e noꝰ en p̃mis soubzmis abre

1324 3061 1423 172 Iugement ueillez plongiers

1316 3167 1565 201 droictemont que nayons eut

1299 3306 1264 246 noꝰ yre ne mal fallent

4239 596 1655 176 ⁋ Coment le Roy de france ordõna

4365 739 1374 143 et diuisa. aporter lescu. au

4357 833 1292 160 lion Rompant. auchun deulx

4357 936 1484 228 C est assauoir des conte de flanđ

4402 1087 957 135 et de uilliers .IX.

4042 1303 417 368 P

4459 1250 1317 282 helippes Roy de frãce

4443 1479 1398 209 leur Respondit bien gracieuẜt

4100 1602 1737 180 par ma foy dist Ie ien angeray bien

4165 1704 1525 172 et loaiaument Et manda le Roy

4161 1806 1652 196 son conseil et leur demanda aduis

4161 1929 1586 184 de la chose et puis leur dist le Roy

4141 2060 1622 175 Seigneurs ce sont les plus belles

4157 2178 1606 184 parolles q̃ ie ueis oncques et dit

4226 2297 1435 175 auchũn deps contes lauoit bien

4153 2436 1590 171 gaigne leaumont Et appella

4132 2554 1578 168 les deux contes et leur dist ie

4149 2689 1525 180 osteray ce estois deũ uoꝰ deux

4153 2836 1451 164 uous porterez tous deux le

4124 2967 1607 151 blason cest mon Iugement Mais

4136 3086 1542 143 le conte de flandres le portera.

4132 3208 1537 168 entres sans point de differance

4161 3319 1570 183 Car il le conquist premier Et

4153 3449 1565 168 le conte de uilliers le portera

4141 3572 1606 237 orle dui asur uif et ainsi Ie uoꝰ

6140 421 130 175 16
