6920 4886
1209 655 1727 183 de quatorze contez Le dit baudouyn

1225 793 1605 139 demoura auecques sa femme

1225 912 1736 171 ꝯtain temps et ains troys moys

1205 1021 1572 155 acompliz elle fut ensaincte

1217 1135 1621 188 denffant Mais au bout de quãt

1205 1266 1580 159 moys baudouyn ne uoulloit

1213 1392 1703 163 plus sesiourner en ꝯstantinoble

1181 1518 1682 147 Et eut uoulente daller conq̃ie

1217 1653 1568 146 le saint sepulcre Et print

1234 1758 1710 192 congie de sa femme et ordonna

1246 1909 1682 143 son oost et entra en mer auecq̃s

1238 2027 1596 130 quarante mille hommes et luy

1258 2133 1658 200 pria lemperriere quil lui pleust

1168 2280 1813 187 Retourner tantost par deuers elle

1081 2508 215 277 .xuic.

1327 2434 1597 196 ¶ Commẽt baudouyn conte de

1397 2561 1653 179 flandres se partit de cõstantinoble

1409 2679 1128 187 et sen alla en Ihr̃lm

1502 2801 1536 248 ais auis que baudouyn

1478 2976 1397 195 eust passe la mer labonne

1242 3090 1767 183 emperriere mourrut Et quant Il

1258 3212 1723 179 eut passe la mer Il print terre et

1250 3330 1662 179 sen uint dauant bethleem tãtost

1250 3469 1645 150 print la cite a force de gens et

1246 3583 1605 215 furent les sarrazins fuiz Et

4024 570 1608 171 femmes et enffans puis se partit

4011 688 1613 158 baudouyn de bethleem et put

4003 806 1613 175 son chemin droit en Ihr̃lm apđ

3999 924 1540 163 quil eut seiourne quinze iõs

4003 1038 1540 207 en bethleem Iehan le conte de

3979 1180 1543 192 bloys nomme Iehan de haulte

3999 1323 1662 187 fueille qui auoit moult grant

3999 1457 1670 151 dement de ce que baudouyn conte

3987 1583 1556 192 de flandres ne l appelloit en

3971 1681 1625 216 aucuns de ses conseilz fut mẽ

3967 1799 1763 236 marri enuers le conte de flandres

3958 1917 1662 261 ¶ Et pour ce quil ne faisoit ꝯpte

4007 2080 1760 204 de luy dist a luy mesmes par dieu

4024 2219 1645 211 Ie me Repens que ie uins oncq̃s

3999 2353 1580 199 auecques le conte de flandres

4011 2479 1731 196 Car il est trop orgueilleux ne

4011 2614 1731 179 Ia fors aux flamans ne portera

3999 2715 1690 184 honneur et Ie suis bon et gentil

4011 2842 1752 187 homme plus que Ilz ne sont Iay

3971 2968 1767 171 amene am auecques luy maintz

4003 3086 1629 179 hommes que le Roy me bailla

3999 3200 1788 179 et lui aucus faut aide que Il y a

4052 3318 1625 175 Car par nr̃e aide Il a ce qu il

4032 3428 1588 167 a mais oncques en sa uie Il

4024 3546 1588 248 ne men merria ne oncques

5828 394 200 180 ⟦.xxxii.⟧

6080 378 119 200 34
