6897 4905
1377 555 1668 193 encharge. Or poiez doresenauãt

1377 678 1587 184 bons amis ensemble Car oncq̃s

1365 797 1582 188 mais blason ne fut si bien ꝑri

1381 923 1460 164 et ainsi furent daccord les

1381 1046 687 139 deux contes

2800 1087 114 163 .uii.

1422 1197 1472 196 ¶ Comment le Roy de france sen

1545 1328 1235 127 Retourna a paris et le

1549 1426 1263 180 conte de flandres aussi.

1479 1585 1411 270 a Roy de france;

1533 1810 1361 147 sen alla a paris et le co

1271 1614 305 311 L

1336 1900 1628 188 de flandres Retourna en son pays

1357 2047 1525 168 et ung sen filz nomme baudouyn

1349 2170 1590 159 qui fut fort orgueilleux et tant

1361 2284 1586 176 q̃ par son orgueil Il Reffusa a

1361 2407 1447 172 femme la fille de france & f

1345 2542 1574 176 depuis esposa le deable. qui seste

1369 2665 1566 171 mis en une morte fille Et furẽt

1349 2783 1651 188 bien ensemble douze ans passez

1340 2922 1640 168 et en ont deux filles dont lune

1345 3049 1565 143 fut nommee Iohanne et lautre

1353 3180 1602 175 puisnee marguerite bien soꝑ

1316 3294 1574 204 pđ ces faiz mt auant deslor

1349 3425 1463 245 en lan de lincarnãton nrẽ ẜ᷑

4166 686 1475 151 Ihũ crist mil cent .iiii̽̽iiii. ou

4125 788 1443 164 enuiron t̾spassa le bon pħe

4088 895 1463 175 conte de flandres de ce siet le

4088 1017 1635 172 Et apres baudouyn son filz fut

4100 1136 1509 159 conte de conte Et estoient

4092 1258 1697 160 femmes de lui quatorze toutez somme

4088 1377 1684 180 dit est dauant & alla baudouyn

4055 1524 1595 160 a paris deuers le Roy phelippe et

4096 1643 1549 180 lui fist hommaige de dire dictes

4084 1786 1590 151 contez Et les autres ie les ferroit

4125 1912 1598 160 du Roy dalmaigne Et quant Il

4071 2047 1632 156 eut ainsi fait hommaige au Roy

4088 2162 1684 159 le Roy larransonna młt doulcem̃t

4071 2301 1669 167 et lui dist baudouyn Ie ẜoit temps

4104 2427 1591 168 q̃ uous uous mariassez Car ie

4121 2566 1533 160 uous appartient femme de

4104 2689 793 172 haulte lignee.

5494 2738 135 147 .uii.

4206 2832 1472 221 ¶ Cõment baudoyn le conte de

4366 2963 1165 177 flandres po᷑ son orgueil

4337 3061 1419 176 Refusa prainđ a femme la fille

4341 3188 1448 159 au Roy de france et puis esposa

4341 3298 524 123 le dyable

4370 3339 1329 266 ire dist baudouyn

4362 3564 1390 139 de ce nay Ie fallant Car sans

4070 3350 337 346 S

4084 3646 1623 241 fauete Ie nauray la femme si elle

5784 445 172 147 .xii.

6136 433 106 176 17
